2026 3238
417 200 449 248 6
975 198 1386 246 EUTROPII

418 337 494 385 ubi
522 336 793 400 plurimum,
834 336 910 384 vix
934 350 1084 399 usque
1114 335 1171 384 ad
1205 336 1412 399 quintum
1442 333 1672 383 decimum
1691 334 1931 384 miliarium

418 406 700 470 possideret.

522 476 561 524 C
576 492 607 524 A
622 492 667 523 ι’.
689 474 771 523 IX.
794 472 970 538 (VIII.)
999 474 1116 522 Hinc
1137 473 1359 523 consules
1380 487 1588 537 coepere
1609 487 1693 538 pro
1713 487 1805 523 uno
1816 489 1932 538 rege

417 546 508 595 duo
530 546 617 593 hac
638 559 780 594 causa
801 544 968 605 creari,
992 551 1057 605 ut,
1080 545 1119 592 si
1146 559 1262 592 unus
1283 542 1430 592 malus
1453 558 1564 592 esse
1590 542 1838 606 voluisset,
1868 542 1932 592 al-

415 623 487 664 ter
506 629 611 663 eum
631 614 807 663 habens
831 620 1110 677 potestatem
1130 612 1328 662 similem
1349 618 1614 662 coerceret.
1659 612 1720 661 Et
1739 612 1930 677 placuit,

415 700 474 733 ne
496 685 743 747 imperium
762 682 976 748 longius,
1009 697 1145 747 quam
1164 697 1362 732 annuum
1381 683 1630 745 haberent,
1647 697 1706 731 ne
1727 696 1815 746 per
1834 681 1932 730 diu·

321 762 341 779 ·
403 754 677 802 ·turnitatem
700 754 944 816 potestatis
967 751 1297 802 insolentiores
1315 751 1639 815 redderentur,
1661 751 1747 800 sed
1767 750 1933 800 civiles

300 1874 392 1906 A.U.

306 1929 383 1963 2⁴6.

301 2498 390 2532 Α.υ.

371 2578 382 2588 ·
407 2569 550 2619 reges
577 2563 772 2605 exactos
796 2553 1092 2621 Tarquiniae,
1139 2571 1243 2604 cum
1262 2558 1442 2620 suscipi
1468 2571 1561 2606 non
1592 2565 1759 2622 posset
1787 2559 1834 2607 in
1852 2573 1925 2606 re·

298 2635 385 2669 Αυ.

306 2702 380 2735 247.

416 837 604 886 semper
624 830 803 885 essent,
825 823 904 886 qui
925 837 978 870 se
998 829 1108 887 post
1126 837 1294 871 annum
1315 823 1489 871 scirent
1508 821 1689 871 futuros
1709 836 1818 871 esse
1841 822 1932 885 pri-

386 920 396 929 ·
414 901 563 941 vatos.
608 890 817 941 Fuerunt
835 893 977 955 igitur
994 903 1114 941 anno
1135 893 1283 955 primo
1306 892 1518 956 expulsis
1549 892 1742 956 regibus
1764 905 1912 940 consu

377 976 387 987 ·
414 962 486 1010 les
505 961 555 1009 L.
577 960 735 1009 lunius
748 961 934 1023 Brutus,
959 963 1038 1025 qui
1057 963 1254 1010 maxime
1275 968 1456 1026 egerat,
1477 970 1526 1010 ut
1541 960 1818 1025 Tarquinius
1835 959 1912 1024 pel

415 1031 606 1093 leretur,
631 1037 678 1079 et
696 1030 973 1095 Tarquinius
1001 1029 1278 1092 Collatinus„
1310 1032 1500 1080 maritus
1520 1030 1782 1079 Lucretiae.
1839 1029 1934 1078 Sed

415 1099 666 1164 Tarquinio
689 1099 922 1148 Collatino
945 1102 1098 1148 statim
1119 1099 1299 1148 sublata
1321 1108 1394 1149 est
1425 1099 1642 1164 dignitaS.
1690 1098 1935 1148 Placuerat

414 1171 553 1231 enim,
581 1185 641 1218 ne
663 1171 908 1234 quisquam
930 1171 974 1218 in
994 1170 1109 1218 urbe
1130 1177 1360 1230 maneret,
1394 1171 1472 1234 qui
1494 1168 1773 1234 Tarquinius
1792 1181 1932 1217 voca-

414 1246 556 1287 retur.
606 1237 736 1301 Ergo
761 1246 961 1302 accepto
983 1240 1106 1287 omni
1130 1240 1406 1302 patrimonio
1426 1253 1512 1287 suo
1535 1254 1595 1287 ex
1622 1239 1739 1287 urbe
1763 1239 1932 1302 migra·

414 1310 480 1356 vit
500 1315 547 1356 et
563 1306 674 1356 loco
697 1310 847 1371 ipsius
873 1309 1025 1356 factus
1047 1316 1119 1356 est
1140 1307 1353 1357 Valerius
1372 1307 1614 1357 Publicola
1634 1307 1816 1357 consul.

520 1375 651 1427 CAP.
674 1377 733 1426 X.
757 1376 893 1443 (lx.)
932 1377 1197 1426 Commovit
1229 1385 1382 1427 tamen
1415 1377 1589 1427 bellum
1622 1378 1724 1427 urbi
1754 1377 1933 1426 Romae

413 1462 497 1495 rex
528 1445 829 1511 Tarquinius,
866 1449 943 1511 qui
973 1447 1123 1496 fuerat
1165 1447 1415 1511 expulsus,
1453 1456 1500 1496 et
1532 1447 1748 1496 collectis
1776 1446 1933 1495 multis

413 1517 654 1580 gentibus,
677 1524 725 1565 ut
744 1518 789 1565 in
807 1532 1003 1581 regnum
1026 1525 1190 1580 posset
1207 1519 1408 1579 restitui,
1433 1517 1682 1566 dimicavit.
1722 1515 1774 1565 In
1787 1516 1932 1580 prima

417 1600 570 1649 pugna
591 1586 759 1635 Brutus
781 1586 948 1636 consul
970 1595 1017 1635 et
1048 1586 1221 1648 ArunS,
1262 1586 1497 1651 Tarquinii
1525 1586 1674 1648 filius,
1714 1587 1760 1634 in
1779 1587 1932 1634 vicem

414 1670 467 1703 se
489 1655 781 1718 occiderunt,
806 1656 1001 1704 Romani
1020 1663 1175 1705 tamen
1198 1671 1258 1704 ex
1278 1671 1333 1705 ea
1371 1670 1526 1720 pugna
1537 1656 1745 1704 victores
1771 1669 1928 1704 reces-

411 1733 586 1774 serunt.
629 1725 817 1773 Brutum
849 1726 1087 1774 Romanae
1119 1733 1382 1789 matronae,
1419 1725 1719 1774 defensorem
1753 1724 1910 1788 pudici

411 1795 503 1843 tiae
524 1809 637 1842 suae
656 1831 669 1855 ,
703 1796 835 1858 quasi
859 1805 1150 1843 communem
1173 1802 1368 1858 patrem,
1408 1809 1492 1858 per
1510 1809 1677 1842 annum
1697 1793 1926 1844 luxerunt.

411 1862 626 1911 Valerius
658 1863 899 1912 Publicola
931 1863 1015 1926 Sp.
1051 1862 1315 1910 Lucretium
1345 1861 1668 1926 Tricipitinum
1697 1862 1929 1926 collegam

410 1932 499 1980 sibi
529 1932 666 1994 fecit,
698 1931 942 1980 Lucretiae
965 1939 1168 1995 patrem,
1209 1945 1304 1995 quo
1334 1932 1499 1983 morbo
1521 1939 1732 1994 mortuo,
1764 1933 1930 1981 iterum

410 2001 648 2049 Horatium
660 1999 903 2050 Pulvillum
916 2000 1146 2064 collegam
1161 2001 1250 2049 sibi
1270 2003 1485 2065 sumpsit.
1510 2000 1576 2050 lta
1593 2002 1769 2064 primus
1783 2017 1928 2050 annus

411 2071 618 2135 quinque
647 2070 869 2119 consules
890 2070 1064 2133 habuit,
1105 2085 1209 2118 cum
1235 2068 1513 2135 Tarquinius
1535 2069 1791 2120 Collatinus
1812 2071 1927 2119 urbe

410 2141 640 2187 cessisset
665 2147 860 2203 propter
885 2153 1072 2201 nomen,
1095 2139 1263 2188 Brutus
1283 2140 1470 2203 proelio
1493 2141 1713 2205 perisset,
1738 2141 1820 2204 Sp.
1841 2139 1927 2188 Lu-

410 2210 584 2257 cretius
610 2209 774 2258 morbo
796 2216 1004 2258 mortuus
1031 2217 1177 2257 esset.

517 2279 601 2327 CA
616 2296 661 2327 P.
683 2278 766 2328 XI.
791 2279 904 2344 (X.)
945 2278 1164 2327 Secundo
1187 2293 1378 2343 quoque
1407 2293 1525 2327 anno
1548 2279 1714 2328 iterum
1736 2278 1928 2345 Tarqui-

409 2349 529 2408 niuS,
562 2355 611 2396 ut
634 2349 929 2412 reciperetur
961 2350 1006 2396 in
1034 2363 1256 2412 regnum,
1298 2347 1473 2397 bellum
1505 2349 1728 2398 Romanis
1758 2348 1925 2413 intulit,

409 2417 629 2466 auxilium
639 2418 684 2466 ei
705 2417 887 2466 ferente
897 2416 1122 2480 Porsena,
1138 2416 1337 2467 Tusciae
1353 2432 1487 2481 rege,
1508 2425 1554 2467 et
1566 2418 1760 2468 Romam
1778 2433 1929 2483 paene

411 2487 552 2550 cepit.
609 2485 782 2536 Verum
802 2493 910 2536 tunc
931 2499 1124 2551 quoque
1148 2487 1301 2535 victus
1324 2494 1413 2536 est.
1470 2486 1629 2537 Tertio
1660 2501 1782 2538 anno
1818 2495 1926 2553 post

407 2639 565 2687 gnum,
586 2639 743 2689 neque
764 2626 808 2674 ei
830 2624 1052 2688 Porsena,
1075 2627 1153 2690 qui
1175 2640 1340 2690 pacem
1361 2641 1466 2675 cum
1485 2626 1707 2677 Romanis
1726 2627 1923 2690 fecerat,

405 2691 624 2742 auxilium
638 2701 912 2758 praestaret,
928 2693 1181 2744 Tusculum
1204 2710 1258 2744 se
1279 2696 1492 2759 contulit,
1519 2712 1639 2762 quae
1653 2697 1816 2746 civitas
1832 2709 1924 2745 non

406 2761 548 2827 longe
574 2763 631 2812 ab
652 2764 768 2812 urbe
794 2772 891 2827 est,
918 2771 1058 2829 atque
1085 2764 1149 2813 ibi
1179 2779 1262 2828 per
1281 2765 1634 2830 quatuordecim
1654 2779 1799 2814 annos
1831 2767 1923 2829 pri·

408 2838 539 2880 vatus
561 2847 663 2881 cum
685 2847 829 2882 uxore
851 2835 1114 2883 consenuit.
1163 2833 1340 2894 Quarto
1365 2849 1485 2885 anno
1508 2842 1616 2898 post
1643 2850 1784 2898 reges
1815 2850 1916 2884 exa-
