2026 3238
363 156 432 207 64
939 159 1293 230 EUTRoPIl

468 296 549 343 CA
568 311 612 342 P.
633 294 690 342 V.
726 293 838 344 Mox
857 296 1164 356 imperatores
1187 296 1329 342 creati
1350 301 1455 342 sunt
1477 291 1636 342 Gallus
1657 294 1870 344 Hostilia-

360 380 447 412 nus
475 371 523 412 et
543 363 662 412 Galli
683 362 820 424 filius,
842 362 1139 411 VolusianuS.
1179 363 1274 411 Sub
1295 363 1366 411 his
1379 361 1664 411 Aemilianus
1689 365 1734 411 in
1746 362 1873 412 Moe-

362 435 431 483 sia
467 448 545 482 res
572 446 719 483 novas
750 431 939 480 molitus
974 440 1063 480 est.
1118 432 1192 480 Ad
1217 447 1355 496 quem
1381 431 1736 495 opprimendum
1774 447 1876 482 cum

359 502 496 551 ambo
516 502 721 566 profecti
743 508 919 563 essent,
954 499 1242 550 Interamnae
1259 501 1494 550 interfecti
1515 508 1621 550 sunt
1639 515 1732 550 non
1752 515 1877 551 com-

277 594 319 626 p
364 571 491 635 pleto
517 572 722 620 biennio.
776 569 903 619 Nihil
928 571 1114 618 omnino
1141 570 1314 619 clarum
1333 578 1599 634 gesserunt.
1659 570 1771 619 Sola
1797 585 1878 634 pe-

252 650 291 684 c
296 649 343 682 N
365 639 567 688 stilentia
589 647 636 688 et
653 639 829 687 morbis
849 646 991 703 atque
1009 639 1376 703 aegritudinibus
1395 646 1532 688 notus
1564 653 1725 714 eorum
1755 641 1878 704 prin-

257 707 331 741 953·
366 710 546 772 cipatus
577 709 677 757 fuit.

468 779 610 827 CAP.
631 775 710 825 VI.
733 776 843 842 (V.)
879 776 1166 826 Aemilianus
1186 778 1522 826 obscurissime
1547 785 1681 827 natus
1709 779 1881 827 obscw

362 849 457 896 rius
477 848 723 911 imperavit
748 861 804 895 ac
826 848 966 895 tertio
986 861 1149 895 mense
1171 848 1428 896 exstinctus
1451 855 1539 896 est.

469 917 509 965 C
523 933 612 966 Ar.
638 913 742 964 VII.
778 915 843 979 (V
845 914 910 981 I.)
967 915 1086 964 Hinc
1105 915 1308 964 Licinius
1326 916 1617 979 Valerianus,
1651 917 1697 964 in
1716 916 1879 965 Raetia

363 993 411 1034 et
436 984 614 1034 Norico
642 1000 806 1048 agenS,
849 985 906 1033 ab
929 986 1139 1032 exercitu
1166 986 1422 1047 imperator
1447 992 1496 1032 et
1513 998 1623 1033 mox
1639 984 1879 1048 Augustus

363 1063 435 1103 est
458 1055 627 1102 factuS.
691 1052 929 1101 Gallienus
955 1067 1148 1117 quoque
1167 1052 1347 1101 Romae
1376 1068 1403 1102 a
1423 1061 1587 1102 senatu
1614 1052 1792 1102 Caesar
1809 1062 1882 1103 est

361 1123 642 1188 appellatus.
679 1121 855 1171 Horum
872 1125 1117 1185 imperium
1141 1122 1353 1171 Romano
1372 1124 1546 1172 nomini
1564 1124 1882 1187 perniciosum

362 1201 409 1242 et
426 1207 578 1256 paene
601 1191 839 1240 exitiabile
866 1192 954 1240 fuit
978 1191 1056 1240 vel
1075 1190 1349 1240 infelicitate
1369 1193 1629 1255 principum
1654 1192 1733 1240 vel
1752 1193 1880 1255 igna-

360 1264 452 1310 via.
502 1261 718 1310 Germani
747 1261 1015 1310 Ravennam
1043 1276 1197 1325 usque
1229 1268 1471 1310 venerunt.
1529 1260 1805 1310 Valerianus
1835 1263 1881 1309 in

277 1347 320 1379 P.
360 1331 703 1395 Mesopotamia
726 1330 900 1379 bellum
920 1345 1094 1394 gerens
1120 1345 1148 1379 a
1168 1332 1368 1394 Sapore,
1388 1329 1630 1379 Persarum
1649 1345 1781 1394 rege,
1805 1346 1880 1379 su-

251 1404 291 1438 C·
294 1403 342 1437 Ν
363 1409 553 1465 peratus
576 1407 679 1463 est,
707 1414 817 1448 mox
837 1400 975 1448 etiam
998 1406 1162 1463 captus
1191 1398 1314 1463 apud
1332 1398 1528 1448 Parthos
1562 1399 1757 1463 ignobili
1783 1414 1880 1448 ser-

256 1460 334 1495 259·
360 1472 506 1519 vitute
527 1471 789 1518 consenuit.

469 1540 614 1588 GAP.
643 1536 771 1586 Vlll.
838 1536 1077 1586 Gallienus
1114 1553 1218 1586 cum
1251 1536 1532 1586 adolescens
1569 1538 1722 1586 factus
1751 1545 1883 1586 esset

360 1608 621 1672 Augustus,
648 1608 893 1670 imperium
916 1609 1112 1669 primum
1137 1606 1359 1670 feliciter,
1388 1621 1499 1655 mox
1519 1607 1782 1669 commode,
1823 1607 1881 1655 ad

360 1678 569 1726 ultimum
589 1678 859 1741 perniciose
888 1676 1056 1740 gessit.
1112 1675 1229 1725 Nam
1245 1678 1438 1738 *iuvenis
1470 1678 1516 1724 in
1538 1675 1685 1726 Gallia
1707 1685 1754 1725 et
1772 1675 1880 1738 llly-

360 1748 460 1795 rico
493 1745 635 1795 multa
673 1753 863 1794 strenue
895 1746 1012 1794 fecit
1049 1747 1214 1795 occiso
1250 1746 1374 1809 apud
1406 1745 1611 1794 Mursam
1647 1745 1877 1809 Ingenuo,

363 1817 441 1881 qui
467 1829 718 1879 purpuram
749 1824 1040 1878 sumpserat,
1084 1823 1130 1863 et
1154 1815 1430 1878 Regaliano.
1481 1814 1574 1862 Diu
1591 1814 1803 1878 placidus
1835 1822 1882 1863 et

362 1887 566 1949 quietus,
598 1897 709 1933 mox
727 1886 774 1933 in
792 1899 975 1933 omnem
998 1883 1237 1932 lasciviam
1262 1883 1536 1946 dissolutuS,
1561 1884 1791 1932 tenendae
1810 1885 1878 1933 rei

360 1954 581 2018 publicae
602 1954 808 2002 habenas
826 1955 1058 2017 probrosa
1077 1954 1261 2017 ignavia
1274 1960 1321 2001 et
1341 1953 1673 2016 desperatione
1693 1953 1879 2002 laxavit.

363 2023 601 2072 Alamanni
638 2024 830 2071 vastatis
870 2021 1031 2071 Galliis
1059 2025 1104 2070 in
1137 2021 1314 2071 Italiam
1352 2030 1731 2086 penetraverunt.
1786 2023 1879 2071 Da·

365 2094 463 2153 cia,
505 2106 627 2155 quae
656 2106 682 2139 a
702 2090 899 2139 Traiano
928 2091 1047 2140 ultra
1065 2091 1327 2142 Danubium
1352 2091 1504 2140 fuerat
1527 2091 1739 2154 adiecta,
1784 2100 1878 2140 tum

363 2162 533 2209 amissa
552 2167 641 2209 est.
688 2159 901 2222 Graecia,
923 2160 1216 2222 Macedonia,
1245 2160 1437 2223 Pontus,
1464 2160 1578 2209 Asia
1597 2167 1775 2210 vastata
1795 2176 1880 2225 per

365 2229 563 2279 Gothos.
628 2228 862 2279 Pannonia
895 2245 921 2278 a
962 2230 1182 2279 Sarmatis
1219 2229 1511 2294 Quadisque
1530 2229 1753 2294 populata
1790 2237 1878 2279 est.

364 2298 580 2347 Germani
611 2314 764 2363 usque
791 2298 849 2348 ad
876 2299 1124 2363 Hispanias
1158 2307 1520 2362 penetraverunt
1557 2306 1605 2348 et
1647 2301 1881 2349 civitatem

361 2367 567 2417 nobilem
602 2366 913 2417 Tarraconem
955 2377 1353 2432 expugnaverunt.
1423 2368 1576 2418 Parthi
1606 2367 1879 2433 Mesopota-

362 2438 451 2486 mia
476 2445 706 2502 occupata
726 2438 905 2500 Syriam
923 2438 1012 2486 sibi
1039 2446 1299 2502 coeperunt
1320 2439 1576 2488 vindicare.

468 2506 510 2555 G
523 2523 609 2555 ΑΡ.
637 2505 720 2555 ΙΧ.
751 2507 818 2570 (V
819 2505 909 2572 ΙΙ.)
957 2505 1073 2555 Tum
1091 2508 1181 2556 iam
1202 2507 1467 2571 desperatis
1486 2509 1629 2557 rebus
1649 2514 1698 2556 et
1722 2506 1878 2557 deleto

363 2589 516 2638 paene
543 2577 742 2639 imperio
762 2574 974 2625 Romano
992 2575 1241 2625 Postumus
1261 2578 1307 2625 in
1336 2576 1500 2641 Gallia,
1542 2578 1877 2627 obscurissime

361 2651 514 2706 natus,
536 2658 785 2707 purpuram
804 2647 1003 2709 sumpsit
1023 2653 1070 2694 et
1088 2660 1175 2711 per
1193 2659 1340 2695 annos
1353 2646 1518 2696 decem
1533 2649 1595 2696 ita
1614 2646 1874 2710 imperavit,

293 2771 313 2789 ⁶
363 2719 413 2760 ut
443 2720 745 2777 consumptas
767 2728 920 2778 paene
939 2716 1207 2778 provincias
1239 2717 1416 2780 ingenti
1444 2718 1615 2766 virtute
1644 2723 1694 2765 et
1716 2713 1874 2765 mode-

363 2782 542 2835 ratione
562 2784 866 2846 reparaverit.
905 2783 996 2843 Qui
1015 2784 1247 2833 seditione
1271 2785 1464 2834 militum
1485 2786 1757 2834 interfectus
1783 2791 1870 2842 est,
