2026 3238
277 599 319 633 A.
326 599 369 631 U.

295 653 369 688 ⁴99.

275 1074 365 1108 A.U.

286 1130 361 1165 501.

281 2741 375 2776 ΛΜΗ

287 2797 361 2832 503.

394 173 457 222 16
966 173 1334 220 EUTROPII

391 326 450 359 ex
481 309 829 374 quadringentis
855 309 1097 371 sexaginta
1118 316 1316 372 quatuor
1332 307 1528 356 navibus
1548 308 1790 371 octogiuta
1809 323 1888 356 ser

390 381 487 428 vari
507 380 587 427 vix
607 379 858 442 potuerint,
882 392 1038 441 neque
1056 377 1153 426 ullo
1178 385 1392 442 tempore
1411 378 1534 425 tanta
1547 378 1774 426 maritima
1790 384 1905 426 tem·

391 456 555 513 pestas
574 448 727 497 audita
752 454 839 496 est.
872 447 1069 495 Romani
1088 455 1242 495 tamen
1262 449 1413 495 statim
1427 445 1651 494 ducentas
1670 460 1815 495 naves
1833 461 1906 495 re·

396 525 692 582 paraverunt,
712 532 868 580 neque
893 518 940 565 in
958 515 1116 580 aliquo
1138 518 1317 564 animus
1341 516 1413 565 his
1439 516 1663 564 infractus
1684 515 1787 564 fuit.

496 588 639 637 CAP.
661 584 835 636 XXIII.
859 583 1042 651 (XIII.)
1073 584 1158 634 Cn.
1185 585 1410 634 Servilius
1426 584 1606 648 Caepio
1632 592 1680 633 et
1699 583 1754 633 C.
1776 585 1907 634 Sem-

391 658 583 721 pronius
602 655 799 704 Blaesus
828 670 955 703 coss,
988 670 1091 702 cum
1117 655 1330 703 ducentis
1357 656 1601 718 sexaginta
1632 654 1827 704 navibus
1851 653 1910 704 ad

391 726 598 774 Africam
624 724 829 788 profecti
850 732 972 772 sunt.
1011 723 1206 788 Aliquot
1231 726 1446 772 civitates
1474 730 1717 788 ceperunt.
1771 723 1908 772 Prae·

391 795 493 843 dam
521 797 760 857 ingentem
784 793 1068 842 reducentes
1096 793 1388 857 naufragium
1416 795 1544 856 passi
1572 801 1693 842 sunt.
1743 792 1908 857 Itaque

392 879 495 912 cuin
514 866 764 912 continuae
791 863 1075 912 calamitates
1095 863 1318 912 Romanis
1345 862 1670 927 displicerent,
1698 862 1910 911 decrevit

391 942 599 996 senatuS,
631 940 725 982 uta
751 934 989 981 maritimis
1018 932 1212 996 proeliis
1241 932 1545 981 recederetur
1575 940 1621 981 et
1640 939 1813 981 tantum
1833 947 1908 980 se-

390 1005 579 1067 xaginta
597 1016 742 1051 naves
765 1002 823 1050 ad
850 1002 1133 1065 praesidium
1153 1001 1312 1050 Italiae
1333 1002 1491 1050 salvae
1512 1009 1688 1050 essent.

504 1073 645 1120 (ΒΜ).
666 1070 837 1122 XXIV
874 1071 925 1119 L.
940 1071 1147 1119 Caecilio
1159 1070 1441 1133 Metello‚C.
1453 1069 1763 1121 FurioPacilo
1779 1084 1907 1120 coss.

390 1141 642 1191 Metellus
628 1156 674 1188 in
698 1140 858 1188 Sicilia
876 1139 1095 1189 Afrorum
1121 1140 1288 1188 ducem
1308 1155 1411 1188 cum
1437 1154 1559 1189 cxxx
1579 1139 1842 1203 elephantis
1863 1146 1910 1189 et

387 1211 567 1274 magnis
587 1211 740 1273 copiis
758 1211 1025 1258 venientem
1052 1211 1315 1273 superavit,
1360 1225 1423 1258 xx
1450 1209 1575 1258 milia
1604 1210 1810 1258 hostium
1830 1225 1907 1258 ce·

388 1279 518 1342 cidit,
546 1295 658 1328 xxvi
684 1279 964 1342 elephantos
985 1281 1138 1343 cepit,
1177 1278 1390 1343 reliquos
1414 1286 1622 1327 errantes
1642 1293 1730 1342 per
1747 1277 1908 1327 Numi-

387 1348 497 1410 daS,
535 1362 656 1412 quos
685 1349 731 1396 in
753 1348 973 1397 auxilium
1000 1349 1219 1411 habebat,
1250 1347 1446 1412 collegit
1471 1356 1518 1397 et
1537 1348 1733 1397 Romam
1763 1347 1907 1397 dedu·

386 1420 453 1467 xit
468 1419 646 1481 ingenti
665 1432 855 1482 pompa,
880 1412 984 1466 c'um
1006 1433 1127 1467 cxxx
1145 1418 1498 1481 elephantorum
1516 1433 1736 1467 numerus
1756 1419 1908 1467 omnia

386 1488 553 1536 itinera
574 1486 850 1550 compleret.

494 1556 635 1605 CAP.
659 1555 808 1605 XXV.
836 1555 1015 1622 (XIV.)
1057 1556 1169 1605 Post
1201 1558 1319 1605 haec
1349 1556 1467 1605 mala
1497 1556 1907 1620 Carthaginienses

385 1625 617 1689 Regulum
629 1625 812 1689 ducem,
835 1641 974 1690 quem
991 1634 1232 1690 ceperant,
1251 1627 1503 1690 petierunt,
1525 1634 1574 1675 ut
1584 1626 1778 1675 Romam
1799 1639 1895 1690 pro-

387 1696 704 1757 ficisceretur,
747 1703 793 1743 et
819 1710 984 1759 pacem
1002 1711 1029 1745 a
1053 1696 1277 1748 Romanis
1308 1696 1566 1759 obtineret,
1599 1711 1655 1744 ac
1675 1703 1906 1760 permuta·

383 1766 559 1813 tionem
581 1766 869 1827 captivorum
889 1765 1086 1814 faceret.
1140 1763 1228 1813 Ille
1249 1764 1444 1813 Romam
1465 1781 1569 1813 cum
1587 1766 1815 1828 venisset,
1838 1767 1905 1814 in·

384 1833 551 1881 ductus
581 1835 628 1881 in
657 1842 870 1882 senatum
897 1833 1012 1882 nihil
1041 1836 1174 1898 quasi
1198 1834 1436 1883 Romanus
1459 1835 1585 1898 egit,
1620 1832 1832 1899 dixitque
1850 1851 1907 1884 se

384 1919 450 1951 ea>
470 1903 562 1952 illa
601 1902 711 1964 die,
752 1916 856 1966 qua
878 1904 932 1951 in
951 1909 1249 1967 potestatem
1266 1901 1510 1966 Afrorum
1536 1904 1775 1966 venisset,
1802 1903 1903 1955 Ro-

381 1987 585 2021 manum
614 1987 725 2022 esse
749 1972 977 2021 desiisse.
1013 1969 1178 2035 Itaque
1207 1979 1254 2020 et
1275 1985 1468 2026 uxorem
1487 1988 1514 2021 a
1547 1972 1798 2036 complexu
1827 1988 1902 2023 re·

381 2041 543 2102 movit,
567 2047 612 2088 et
639 2042 821 2089 senatui
841 2042 987 2089 suasit
1055 2055 1116 2092 ue
1142 2055 1232 2104 pax
1259 2056 1363 2091 cum
1386 2041 1558 2092 Poenis
1585 2043 1744 2100 lieret;
1788 2044 1903 2093 illos

381 2110 513 2159 enim
529 2110 728 2173 fractos
751 2116 818 2159 tot
837 2111 1045 2159 casibus
1064 2126 1206 2174 spem
1224 2114 1415 2162 nullam
1439 2112 1657 2169 habere,
1653 2132 1664 2143 ·
1700 2128 1756 2163 se
1776 2115 1903 2163 tanti

380 2194 480 2228 non
504 2195 645 2241 esse,
675 2185 731 2228 ut
755 2183 824 2228 tot
845 2179 987 2229 milia
1012 2181 1328 2244 captivorum
1340 2188 1556 2247 propter
1570 2197 1724 2232 unum
1742 2198 1799 2232 se
1837 2185 1903 2248 [et

379 2248 567 2310 senem]
597 2254 646 2298 et
657 2263 871 2312 paucae,
900 2250 989 2312 qui
1016 2265 1082 2299 ea:
1111 2249 1354 2300 Romanis
1374 2253 1513 2316 capti
1529 2252 1754 2316 fuerant,
1778 2253 1901 2302 recl-

379 2318 635 2367 derentur.
670 2315 835 2381 Itaque
856 2318 1069 2367 obtinuit.
1102 2317 1218 2367 Nam
1228 2317 1373 2370 Afros
1393 2335 1559 2384 pacem
1574 2328 1788 2385 petentes
1800 2321 1900 2370 nul-

377 2385 452 2435 lus
471 2386 672 2435 admisit.
713 2385 827 2450 Ipse
842 2386 1169 2451 Carthaginem
1193 2390 1347 2453 rediit,
1375 2391 1785 2472 offerentibusque
1802 2390 1898 2440 Ro·

378 2458 543 2518 maniS,
567 2462 618 2505 ut
637 2470 743 2504 eum
754 2455 933 2505 Romae
955 2463 1187 2519 tenerent,
1218 2461 1408 2523 negavit
1425 2476 1478 2509 se
1504 2462 1550 2509 in
1570 2476 1626 2510 ea
1646 2461 1762 2510 urbe
1773 2476 1897 2510 man·

380 2540 555 2586 surum,
578 2527 625 2573 in
645 2540 752 2590 qua,
775 2533 1027 2590 postquam
1042 2526 1171 2575 Afris
1191 2531 1435 2593 servierat,
1459 2530 1732 2595 dignitatem
1750 2531 1895 2581 hone-

381 2595 439 2641 sti
462 2595 578 2642 civis
597 2594 770 2643 habere
792 2607 886 2643 uon
906 2604 1089 2658 posset.
1146 2595 1418 2661 Regressus
1446 2602 1590 2663 igitur
1607 2600 1666 2649 ad
1689 2599 1893 2648 Africam

379 2663 593 2711 omnibus
613 2663 862 2727 suppliciis
891 2666 1147 2714 exstinctus
1174 2675 1260 2715 est.

485 2732 629 2781 CAP.
650 2731 820 2782 XXVI.
844 2733 997 2799 (XV.)
1035 2734 1086 2783 P.
1102 2734 1298 2786 Claudio
1311 2736 1528 2802 Pulchro,
1556 2739 1608 2788 L.
1620 2738 1753 2787 Iunio
1767 2752 1893 2789 coss.

381 2798 604 2850 Claudius
631 2810 790 2852 contra
816 2805 1026 2867 auspicia
1056 2808 1278 2868 pugnavit
1305 2815 1353 2856 et
1381 2823 1407 2857 a
1432 2807 1893 2871 Carthaginiensibus
