2026 3238
792 158 1133 203 LIBERIX.
1662 155 1732 206 69

210 293 418 342 Narseus
432 292 608 342 Orienti
629 292 802 343 bellum
824 293 1033 355 inferret,
1061 292 1383 341 Diocletianus
1405 292 1726 343 Maximianum
1774 303 1820 348 Ρ,

210 361 480 411 Herculium
500 378 559 412 ex
579 360 786 412 Caesare
805 361 1210 426 fecitAugustum,
1232 361 1552 412 Constantium
1574 371 1621 412 et
1630 362 1726 412 Ma·
1748 365 1839 402 ΟΝ-

208 433 455 482 ximianum
470 430 731 495 CaesareS,
760 446 955 496 quorum
976 427 1276 481 Constantius
1302 446 1389 496 per
1413 432 1551 481 filiam
1576 447 1727 496 nepos
1746 422 1823 512 2²22·

211 500 392 550 Claudii
406 501 613 565 traditur,
634 501 937 550 Maximianus
951 500 1220 550 Galeriusin
1231 500 1379 551 Dacia
1398 502 1519 551 haud
1538 502 1681 566 longe
1702 518 1726 551 a
1770 504 1776 511 ”
1814 505 1821 513 “

211 570 404 620 Sardica
436 579 585 622 natus.
635 571 791 635 Atque
822 579 872 619 ut
891 586 977 620 eos
999 574 1138 621 etiam
1156 572 1379 620 affinitate
1400 573 1724 636 coniungeret,

211 639 511 690 Constantius
532 642 790 705 privignam
801 640 1008 690 Herculii
1024 640 1319 690 Theodoram
1328 644 1532 706 accepit,
1555 657 1614 691 ex
1636 657 1725 706 qua

211 718 378 774 postea
405 726 491 760 sex
518 710 723 771 liberm,
760 710 1048 761 Constantini
1078 711 1272 774 fratres,
1304 712 1480 774 habuit,
1513 710 1726 760 Galerius

208 779 346 828 filiam
357 778 639 828 Diocletiani
657 780 904 830 Valeriam.
944 781 1095 830 Ambo
1116 795 1308 843 uxores,
1328 797 1442 845 quas
1453 782 1725 844 habuerant,

206 848 455 913 repudiare
475 849 723 914 compulsi.
768 849 884 899 Cum
898 850 1121 899 Carausio
1143 859 1324 913 tamen,
1353 867 1456 899 cum
1483 850 1607 900 bella
1631 851 1812 899 fra-1³-

207 926 300 969 stra
325 926 498 968 tentata
516 928 677 970 essent
696 926 856 970 contra
875 922 1023 969 virum
1052 923 1120 968 rei
1139 920 1347 969 militaris
1374 922 1722 984 peritissimum,
1747 914 1786 946 ⁰·
1791 913 1838 945 N·

207 988 265 1037 ad
283 996 570 1052 postremum
595 1003 686 1053 pax
714 992 948 1039 convenit.
1002 989 1122 1038 Eum
1145 997 1255 1053 post
1282 991 1575 1054 septennium
1595 989 1722 1039 Alle·
1753 970 1829 1060 ²2⁹·

208 1066 329 1120 ctus,
341 1059 501 1107 socius
513 1060 632 1121 eiua,
649 1059 838 1122 occidit,
861 1067 1002 1124 atque
1015 1061 1119 1123 ipse
1131 1066 1240 1123 post
1260 1075 1366 1108 eum
1375 1058 1633 1108 Britannias
1644 1062 1723 1108 tri·
1744 1085 1785 1118 c
1787 1085 1835 1118 Ν,

208 1129 345 1176 ennio
365 1129 526 1178 tenuit.
566 1128 657 1191 Qui
678 1129 818 1178 ductu
837 1129 1184 1193 Asclepiodoti,
1215 1130 1443 1192 praefecti
1463 1131 1719 1192 praetorio,
1743 1141 1820 1175 293.

207 1212 470 1261 oppressus
498 1206 586 1247 est.
640 1197 708 1247 Ita
738 1198 1002 1248 Britanniae
1030 1199 1211 1247 decimo
1236 1213 1355 1247 anno
1378 1206 1616 1263 receptae.
1744 1214 1819 1247 asc.

308 1267 451 1317 Car.
479 1266 656 1316 XXIII.
679 1267 831 1332 (XV.)
892 1268 982 1316 Per
1012 1268 1134 1316 idem
1154 1276 1340 1350 tempus
1363 1284 1389 1316 a
1417 1267 1722 1317 Constantino
1764 1284 1805 1317 P.

209 1335 476 1385 Caesarem
497 1336 645 1386 Gallia
663 1338 784 1386 bene
811 1346 1062 1402 pugnatum
1089 1345 1162 1386 est
1192 1340 1316 1386 circa
1333 1337 1583 1401 Lingonas,
1629 1338 1722 1386 Die
1743 1341 1784 1375 C·
1787 1335 1832 1376 N.

206 1420 296 1456 una
325 1405 568 1456 adversam
600 1415 647 1456 et
659 1407 919 1456 vsecundam
946 1408 1175 1457 fortunam
1206 1415 1430 1471 expertus
1456 1415 1544 1456 est.
1606 1407 1722 1456 Nam
1742 1397 1816 1431 ²⁹⁶·

209 1488 312 1523 cum
344 1483 538 1539 repente
578 1477 787 1526 barbaris
818 1477 1140 1541 ingruentibus
1175 1479 1292 1527 intra
1330 1479 1563 1526 civitatem
1596 1485 1725 1526 esset

209 1552 402 1593 coactus
422 1552 514 1594 tam
535 1548 780 1610 praecipiti
797 1549 1100 1609 necessitate,
1123 1555 1172 1595 ut
1193 1547 1365 1596 clausis
1384 1549 1534 1611 portis
1565 1550 1610 1595 in
1626 1563 1722 1595 mu-

209 1630 307 1663 rum
328 1613 515 1664 funibus
534 1615 779 1666 tolleretur
795 1618 874 1665 vix
893 1618 1100 1681 quinque
1118 1618 1247 1666 horis
1259 1617 1426 1665 mediis
1446 1617 1724 1666 adventante

209 1686 419 1734 exercitu
437 1689 680 1750 sexaginta
700 1686 802 1734 fere
822 1686 947 1735 milia
966 1686 1323 1737 Alamannorum
1344 1687 1531 1736 cecidit.
1576 1686 1722 1735 Maxi-

208 1756 386 1802 mianus
408 1769 598 1819 quoque
618 1755 858 1819 Augustus
879 1755 1054 1804 bellum
1085 1757 1131 1804 in
1149 1755 1311 1804 Africa
1339 1756 1608 1819 profligavit
1639 1756 1721 1804 do·

207 1825 330 1872 mitis
361 1823 814 1889 Quinquegentianis
839 1833 886 1874 et
915 1825 973 1874 ad
1000 1840 1165 1889 pacem
1187 1824 1407 1881 redactiS.
1461 1825 1719 1874 Diocletia-
1760 1857 1802 1891 p·

208 1909 294 1942 nus
321 1893 570 1943 obsessum
597 1894 908 1944 Alexandriae
927 1894 1191 1943 Achilleum
1225 1903 1395 1943 octavo
1423 1894 1526 1943 fere
1557 1910 1719 1943 mense
1739 1913 1830 1950 cm.

208 1964 447 2027 superavit
463 1979 665 2029 eumque
687 1964 937 2013 interfecit.
974 1964 1182 2013 Victoria
1197 1965 1371 2013 acerbe
1383 1980 1495 2013 usus
1510 1972 1597 2013 est.
1628 1964 1718 2013 To·
1740 1971 1818 2006 ²9⁷·

205 2040 294 2081 tam
306 2032 575 2098 Aegyptum
593 2034 816 2098 gravibus
834 2035 1260 2098 proscriptionibus
1278 2034 1598 2098 caedibusque
1617 2035 1719 2083 foe·

207 2102 345 2151 davit.
376 2102 446 2152 Ea
463 2111 617 2153 tamen
637 2104 894 2153 occasione
914 2104 1144 2153 ordinavit
1171 2104 1368 2168 provide
1388 2103 1529 2152 multa
1551 2112 1598 2152 et
1627 2104 1719 2152 dis-

206 2174 381 2234 posuit,
423 2187 544 2237 quae
564 2173 622 2222 ad
639 2181 846 2221 nostram
874 2181 1074 2222 aetatem
1093 2182 1292 2224 manent.

310 2241 350 2289 C
363 2258 396 2291 A
407 2257 449 2290 P·
465 2240 638 2291 XXIV.
658 2240 872 2291 Galerius
886 2241 1189 2291 Maximianus
1203 2244 1352 2307 primo
1365 2242 1593 2291 adversus
1605 2242 1719 2291 Nar·

205 2326 336 2360 seum
359 2312 547 2360 minime
578 2310 832 2360 secundum
861 2312 1091 2376 proelium
1119 2312 1278 2361 habuit
1305 2314 1426 2360 inter
1445 2310 1719 2376 Callinicum

206 2380 467 2445 Carrasque
488 2395 791 2444 congressus,
815 2397 919 2430 cum
938 2381 1202 2430 inconsulte
1214 2383 1380 2446 magis,
1399 2398 1534 2446 quam
1551 2384 1719 2445 ignave

203 2450 487 2500 dimicasset.
524 2450 787 2500 Admodum
801 2452 921 2500 enim
945 2466 1085 2516 parva
1103 2467 1238 2501 manu
1260 2466 1365 2500 cum
1384 2453 1718 2515 copiosissimo

202 2521 340 2569 hoste
371 2521 617 2570 commisit.
667 2519 833 2570 Pulsus
859 2523 1003 2585 igitur
1031 2529 1078 2570 et
1102 2521 1161 2570 ad
1182 2520 1526 2571 Diocletianum
1559 2521 1718 2585 profe-

204 2598 307 2638 ctus
334 2604 438 2638 cum
458 2591 502 2639 ei
530 2591 577 2639 in
606 2591 773 2640 itinere
793 2593 1107 2653 occurrisset,
1144 2599 1267 2640 tanta
1291 2590 1539 2640 insolentia
1558 2607 1583 2640 a
1602 2591 1714 2639 Dio·

204 2658 405 2708 cletiano
426 2660 573 2709 fertur
590 2667 836 2725 exceptus,
857 2669 906 2710 ut
926 2675 1013 2724 per
1030 2660 1209 2725 aliquot
1228 2676 1449 2726 passuum
1466 2661 1589 2710 milia
1610 2675 1717 2725 pur·

206 2736 396 2793 puratus
422 2729 627 2779 tradatur
644 2730 701 2780 ad
719 2730 986 2780 vehiculum
1007 2732 1289 2781 cucurrisse.

313 2799 453 2848 Car.
484 2798 631 2848 XXV.
691 2799 804 2848 Mox
831 2807 983 2849 tamen
1018 2815 1103 2863 per
1134 2799 1369 2862 Illyricum
1395 2800 1715 2865 moesiamque
