2026 3238
335 173 397 224 12
905 176 1271 223 EUTROPll

327 319 455 372 stea,
490 326 594 358 cum
615 319 748 375 pater
774 314 816 360 ei
836 311 1010 361 Fabius
1027 311 1255 360 Maximus
1274 310 1460 375 legatus
1491 310 1624 360 datus
1656 311 1840 375 fuisset,

326 388 375 430 et
393 380 622 429 Samnitas
645 382 776 444 vicit,
798 388 845 430 et
870 380 1065 445 plurima
1085 395 1246 430 eorum
1272 379 1447 444 oppida
1467 381 1609 444 cepit.
1660 379 1844 431 Deinde

323 449 371 499 Ρ,
388 447 635 498 Cornelius
647 450 860 513 Rufinus,
872 450 1054 499 Manius
1069 449 1235 499 Curius
1250 452 1495 512 DentatuS,
1517 450 1653 499 ambo
1675 463 1842 499 consu·

323 519 412 581 les,
434 525 594 568 contra
617 519 845 568 Samnitas
876 522 1005 569 missi
1036 520 1304 584 ingentibus
1337 519 1533 583 proeliis
1567 532 1653 568 eos
1682 519 1839 568 confe-

325 602 451 637 cere.
510 587 624 636 Tum
653 587 827 637 bellum
864 604 967 638 cum
994 589 1275 638 Samnitibus
1307 604 1396 653 per
1421 602 1568 638 annos
1596 603 1768 638 novem
1797 596 1845 637 et

323 674 382 706 xl.
414 664 567 706 actum
595 658 897 707 sustulerunt.
951 657 1121 723 Neque
1148 658 1270 706 ullus
1304 659 1456 708 hostis
1489 658 1576 707 fuit
1608 660 1725 707 intra
1753 656 1842 706 Ita-

320 726 445 788 liam,
469 728 546 790 qui
571 726 827 776 Romanam
845 729 1063 776 virtutem
1082 729 1231 791 magis
1258 729 1540 791 fatigaverit.

210 817 297 851 mu,
433 796 573 845 Car.
593 796 654 845 X.
690 795 956 846 Interiectis
986 797 1165 861 aliquot
1184 799 1314 846 annis
1334 799 1500 846 iterum
1531 812 1585 846 se
1606 795 1842 845 Gallorum

227 872 299 906 ⁴⁰⁹-
323 865 492 928 copiae
521 873 681 915 contra
711 866 947 915 Romanos
969 866 1137 915 Tuscis
1167 867 1547 931 Samnitibusque
1575 869 1838 927 iunxerunt,

322 934 407 983 sed
427 949 532 982 cum
550 935 746 984 Romam
766 936 1029 999 tenderent,
1052 952 1078 986 a
1101 935 1186 988 Cn.
1207 935 1429 985 Cornelio
1450 935 1700 985 Dolabella
1729 950 1839 984 con-

321 1003 423 1052 sule
446 1003 632 1053 deletae
652 1012 772 1054 sunt.

210 1086 297 1116 mu.
425 1073 464 1121 C
481 1090 571 1121 ΛΡ.
598 1073 682 1122 ΧΙ.
704 1073 837 1138 (VI.)
876 1074 1057 1122 Eodem
1087 1083 1302 1137 tempore
1332 1072 1610 1136 TarentiniS,
1645 1074 1723 1137 qui
1751 1075 1842 1122 iam

225 1139 300 1175 ⁴⁷¹·
319 1142 364 1190 in
385 1141 543 1190 ultima
562 1141 693 1191 Italia
714 1151 837 1206 sunt,
862 1143 1036 1192 bellum
1054 1143 1277 1192 indictum
1302 1151 1392 1205 est,
1428 1145 1536 1207 quia
1555 1143 1724 1207 legatis
1745 1142 1840 1192 Ro·

319 1225 557 1260 manorum
583 1213 794 1261 iniuriam
830 1213 1059 1262 fecissent
1127 1212 1184 1261 I-Ii
1206 1212 1456 1275 Pyrrhum,
1494 1211 1628 1276 Epiri
1657 1227 1837 1277 regem,

321 1288 481 1329 contra
518 1280 755 1330 Romanos
793 1282 1011 1331 auxilium
1050 1289 1402 1346 poposcerunt,
1451 1284 1528 1346 qui
1568 1297 1626 1330 ex
1661 1296 1841 1346 genere

319 1349 516 1398 Achillis
544 1351 771 1413 originem
794 1352 1020 1402 trahebat.
1075 1351 1120 1401 Is
1145 1367 1254 1401 mox
1273 1351 1331 1400 ad
1351 1350 1529 1400 ltaliam
1548 1352 1692 1413 venit,
1723 1359 1840 1400 tum-

320 1434 413 1483 que
430 1420 625 1482 primum
646 1419 840 1470 Romani
862 1436 966 1469 cum
985 1423 1288 1470 transmarino
1315 1422 1455 1470 hoste
1486 1421 1836 1470 dimicaverunt.

319 1487 494 1536 Missus
516 1496 589 1537 est
608 1498 770 1539 contra
782 1506 887 1539 eum
901 1491 1066 1539 consul
1085 1490 1134 1543 P.
1145 1491 1360 1539 Valerius
1370 1490 1620 1552 LaevinuS,
1640 1491 1840 1554 quicum

321 1557 648 1620 exploratores
676 1558 837 1621 Pyrrhi
867 1562 1107 1624 cepisset,
1148 1562 1284 1609 iussit
1315 1575 1402 1608 eos
1431 1575 1519 1624 per
1540 1566 1692 1609 castra
1712 1558 1836 1622 duci,

320 1626 507 1675 ostendi
529 1643 715 1676 omnem
742 1632 1017 1692 exercitum,
1039 1638 1230 1694 tumque
1250 1629 1432 1692 dimitti,
1455 1636 1506 1677 ut
1522 1629 1842 1678 renuntiarent

318 1695 513 1758 Pyrrho,
537 1713 847 1762 quaecunque
874 1699 1135 1748 aRomanis
1147 1707 1410 1763 agerentur.
1454 1697 1715 1747 Commissa
1729 1712 1839 1747 mox

318 1780 492 1828 pugna,
516 1781 621 1814 cum
640 1768 729 1815 iam
742 1767 947 1829 Pyrrhus
968 1769 1174 1832 fugeret,
1199 1768 1554 1832 elephantorum
1572 1767 1744 1818 auxilio
1769 1768 1836 1814 vi-

318 1836 406 1895 cit,
447 1847 565 1898 quos
599 1837 865 1899 incognitos
886 1837 1083 1886 Romani
1105 1844 1408 1900 expaverunt.
1467 1836 1565 1885 Sed
1583 1851 1676 1886 nox
1698 1851 1838 1901 proe-

316 1903 380 1951 lio
413 1904 551 1952 finem
577 1903 726 1960 dedit:
760 1904 990 1954 Laevinus
1027 1913 1178 1954 tamen
1211 1920 1297 1970 per
1322 1913 1511 1954 noctem
1540 1905 1686 1970 fugit,
1725 1905 1836 1968 Pyr-

315 1973 426 2020 rhus
448 1972 686 2022 Romanos
706 1973 815 2022 mile
842 1976 1142 2038 octingentos
1175 1977 1305 2038 cepit
1325 1989 1510 2040 eosque
1540 1990 1718 2024 summo
1751 1977 1834 2024 ho-

316 2055 432 2089 nore
453 2044 682 2104 tractavit,
716 2044 905 2091 occisos
927 2043 1165 2107 sepelivit.
1223 2043 1358 2104 Quos
1389 2059 1494 2093 cum
1515 2044 1715 2094 adverso
1735 2045 1836 2093 vul·

315 2125 429 2157 nere
458 2118 504 2158 et
532 2113 649 2158 truci
682 2111 810 2160 vultu
832 2114 966 2160 etiam
989 2121 1199 2163 mortuos
1226 2115 1383 2162 iacere
1404 2114 1630 2177 vidisset,
1668 2114 1834 2163 tulisse

315 2178 373 2227 ad
406 2179 590 2228 coelum
619 2196 779 2229 manus
810 2181 979 2231 dicitur
1008 2198 1114 2231 cum
1141 2183 1230 2232 hac
1254 2196 1405 2232 voce:
1436 2200 1492 2234 se
1518 2185 1665 2234 totius
1695 2185 1836 2235 orbis

316 2249 571 2299 dominum
597 2266 707 2300 esse
719 2253 965 2315 potuisse,
985 2254 1031 2301 si
1049 2253 1177 2302 tales
1187 2253 1287 2302 sibi
1305 2254 1484 2304 milites
1497 2254 1834 2318 contiyissent.

203 2332 294 2366 ΑΜ.
421 2318 566 2367 Cn.
587 2317 693 2368 XII.
722 2318 877 2385 (vu.)
916 2319 1086 2370 Postea
1112 2320 1315 2384 Pyrrhus
1345 2324 1514 2372 iunctis
1548 2323 1637 2372 sibi
1657 2323 1834 2372 Samni-

218 2389 293 2422 ⁴72.
314 2388 467 2449 tibus,
502 2386 699 2437 Lucanis
729 2389 1016 2453 Bruttiisque
1042 2391 1236 2440 Romam
1268 2394 1490 2456 perrexit,
1528 2393 1680 2441 omnia
1708 2393 1837 2441 ferro

315 2458 508 2520 ignique
540 2460 762 2520 vastavit,
800 2458 1095 2522 Campaniam
1139 2460 1454 2524 depopulatus
1493 2470 1567 2510 est
1603 2470 1744 2526 atque
1777 2461 1835 2511 ad

314 2524 599 2575 Praenesten
626 2529 754 2575 venit
784 2528 981 2576 miliario
1017 2530 1074 2578 ab
1116 2530 1232 2578 urbe
1264 2538 1434 2580 octavo
1470 2531 1668 2581 decime.
1722 2531 1834 2582 Mox

313 2603 495 2643 terrore
515 2597 768 2658 exercituS,
801 2598 879 2661 qui
901 2613 1005 2646 cum
1026 2599 1223 2648 consule
1245 2601 1547 2664 sequebatur,
1570 2603 1616 2650 in
1637 2600 1834 2664 Campa-

312 2665 434 2711 niam
455 2679 508 2712 se
527 2666 724 2728 recepit.
779 2665 943 2729 Legati
977 2667 1034 2716 ad
1054 2667 1276 2730 Pyrrhum
1298 2670 1356 2717 de
1375 2670 1661 2720 redimendis
1687 2671 1833 2733 capti—

312 2734 386 2780 vis
400 2734 530 2781 missi
550 2734 606 2782 ab
628 2748 687 2782 eo
707 2735 966 2784 honorifice
985 2741 1194 2801 suscepti
1214 2747 1336 2788 sunt.
1361 2738 1584 2804 Captivos
1603 2741 1704 2788 sine
1726 2754 1832 2802 pre-

314 2802 379 2849 tio
410 2801 604 2851 Romam
635 2805 773 2852 misit.
829 2804 979 2853 Unum
1014 2821 1072 2854 ex
1102 2807 1272 2870 legatis
1294 2808 1634 2872 Romanorum,
1671 2807 1829 2857 Fabri-
