2026 3238
794 184 1029 230 LIBER
1070 186 1117 230 11.
1648 182 1714 232 13

193 321 344 382 cium,
384 320 455 368 sic
473 318 722 368 admiratus
744 327 843 379 est,
882 327 931 367 ut
959 335 1065 369 cum
1093 334 1199 368 eum
1219 332 1478 383 pauperem
1502 335 1613 369 esse
1633 335 1713 369 co·

192 390 465 455 gnovisset,
506 395 667 453 quarta
697 396 828 453 parte
854 392 989 453 regni
1011 390 1243 454 promissa
1272 386 1530 438 sollicitare
1548 389 1712 439 volue-

192 462 269 522 rit,
291 465 342 507 ut
362 458 420 507 ad
438 473 492 506 se
502 459 737 520 transiret,
752 465 1146 524 contemptusque
1162 456 1422 508 aFabricio
1436 466 1524 508 est.
1557 458 1714 519 Quare

194 543 300 577 cum
329 527 530 590 Pyrrhus
563 528 742 590 ingenti
771 527 1088 578 Romanorum
1122 527 1427 578 admiratione
1455 535 1711 590 teneretur,

191 598 399 662 legatum
425 597 575 658 misit,
612 599 691 660 qui
725 611 892 661 pacem
924 600 1089 663 aequis
1124 596 1479 647 condicionibus
1508 606 1711 662 peteret,

194 668 499 731 praecipuum
518 665 684 729 virum,
708 666 903 716 Cineam
926 670 1132 730 nomine,
1160 668 1223 716 ita
1243 675 1292 715 ut
1308 666 1514 728 Pyrrhus
1534 674 1713 731 partem

192 735 371 798 ltaliae,
395 751 532 800 quam
556 737 644 785 iam
674 738 812 786 armis
834 744 1168 802 occupaverat,
1194 737 1441 786 obtineret.

296 805 441 856 CAP.
460 804 590 854 XIII.
629 805 724 855 Pax
751 806 992 870 displicuit
1023 805 1434 870 remandatumque
1467 805 1647 868 Pyrrho
1686 822 1711 853 a

191 883 355 924 senatu
376 883 473 935 est,
514 890 620 924 eum
651 891 755 924 cum
771 876 995 924 Romanis
1010 914 1024 939 ,
1058 877 1148 924 nisi
1174 890 1235 925 ex
1252 874 1384 924 Italia
1403 876 1707 936 recessisset,

192 959 357 1010 pacem
375 945 552 994 habere
570 959 663 994 non
683 960 845 1010 posse.
890 945 1006 994 Tum
1023 946 1220 994 Romani
1239 947 1478 993 iusserunt
1496 945 1710 1009 captivos

192 1029 384 1077 omnes,
423 1027 545 1079 quos
574 1014 777 1077 Pyrrhus
797 1015 1091 1078 reddiderat,
1124 1014 1325 1063 infames
1353 1015 1542 1076 haberi,
1585 1013 1711 1078 quod

193 1086 351 1134 armati
375 1086 479 1148 capi
498 1086 779 1148 potuissent,
803 1099 892 1133 nec
910 1092 1018 1134 ante
1038 1099 1123 1133 eos
1139 1083 1198 1132 ad
1214 1091 1428 1133 veterem
1445 1091 1614 1133 statum
1636 1099 1711 1132 re·

191 1155 330 1215 verti,
361 1169 497 1218 quam
517 1155 556 1201 si
578 1154 793 1202 binorum
812 1155 1016 1203 hostium
1042 1155 1311 1202 occisorum
1340 1153 1495 1218 spolia
1525 1153 1711 1201 retulis-

193 1230 310 1271 sent.
350 1221 419 1271 Ita
438 1222 622 1286 legatus
647 1223 809 1285 Pyrrhi
829 1238 1052 1272 reversus
1085 1231 1173 1274 est.
1211 1222 1254 1271 Α
1274 1237 1368 1288 quo
1390 1238 1495 1271 cum
1515 1237 1710 1287 quaere·

190 1299 263 1340 ret
283 1291 505 1355 Pyrrhus,
537 1294 737 1356 qualem
761 1293 974 1343 Romam
997 1294 1341 1356 comperisset,
1379 1290 1551 1341 Cineas
1573 1291 1707 1353 dixit,

191 1377 368 1426 reyam
394 1377 451 1411 se
467 1363 697 1426 patriam
720 1363 913 1412 vidisse
926 1382 948 1419 ;
986 1363 1184 1412 scilicet
1201 1363 1331 1412 tales
1347 1363 1454 1412 illic
1470 1362 1583 1426 fere
1605 1377 1708 1412 om-

191 1447 298 1494 neS,
331 1431 501 1495 qualis·
532 1439 665 1482 anas
701 1431 931 1497 Pyrrhus
962 1433 1106 1496 apud
1132 1430 1347 1496 Epirum
1380 1440 1428 1482 et
1463 1432 1711 1495 reliquam

192 1502 467 1552 Graeciam
480 1508 769 1566 putaretur.
809 1499 989 1566 (VIII.)
1012 1500 1145 1550 Missi
1173 1508 1279 1550 sunt
1307 1509 1470 1550 contra
1487 1499 1711 1563 Pyrrhum
1733 1516 1823 1549 Ab,

193 1570 339 1620 duces
370 1569 420 1621 P.
450 1571 688 1635 Sulpicius
720 1579 768 1620 et
794 1571 975 1620 Decius
994 1570 1128 1633 MuS,
1161 1571 1399 1620 consules.
1444 1569 1708 1619 Certamine
1728 1573 1803 1606 473-

194 1642 447 1689 commisso
466 1639 669 1702 Pyrrhus
695 1641 966 1690 vulneratus
986 1648 1078 1703 est,
1101 1640 1338 1705 elephanti
1363 1640 1616 1699 interfecti,
1647 1655 1711 1688 xx

193 1710 316 1759 milia
345 1725 484 1759 caesa
503 1710 724 1773 hostium,
758 1717 886 1760 etex
901 1710 1124 1759 Romanis
1149 1718 1323 1760 tantum
1344 1712 1550 1775 quinque
1568 1709 1708 1759 milia.

192 1779 393 1841 Pyrrhus
414 1778 662 1828 Tarentum
682 1780 887 1843 fugatus.

296 1849 434 1898 Car.
454 1847 580 1899 XIV.
620 1847 874 1897 Interiecto
895 1863 1015 1897 anno
1037 1855 1199 1897 contra
1216 1847 1440 1910 Pyrrhum
1461 1847 1706 1896 Fabricius
1730 1860 1820 1894 Asi.

191 1926 264 1967 est
283 1920 483 1981 missus,
516 1920 594 1983 qui
615 1919 745 1982 prius
765 1920 887 1967 inter
905 1917 1090 1982 legatos
1109 1916 1354 1966 sollicitari
1379 1931 1474 1966 non
1496 1924 1711 1980 potuerat
1732 1918 1805 1951 ⁴⁷⁴·

191 1995 352 2052 quarta
371 1995 504 2052 parte
530 1989 670 2052 regni„
686 1990 931 2052 promissa.
970 1986 1103 2049 Tum,
1133 2003 1238 2035 cum
1255 1988 1409 2036 vicina
1430 1994 1580 2035 castra
1606 1990 1712 2051 ipse

192 2064 238 2107 et
254 2073 338 2107 rex
361 2058 614 2121 haberent,
647 2057 860 2106 medicus
877 2056 1039 2119 Pyrrhi
1058 2056 1116 2106 ad
1136 2072 1242 2105 eum
1259 2064 1402 2106 nocte
1420 2058 1566 2119 venit,
1602 2071 1709 2120 pro·

189 2128 375 2176 mittens
395 2142 449 2176 se
467 2142 652 2176 veneno
672 2126 897 2190 Pyrrhum
926 2129 1210 2189 occisurum,
1241 2129 1282 2175 si
1303 2127 1391 2176 sibi
1412 2125 1586 2191 aliquid
1607 2126 1709 2190 pol·

189 2195 437 2257 liceretur,
476 2212 617 2261 quem
637 2195 880 2246 Fabricius
909 2198 1115 2244 vinctum
1142 2196 1305 2245 reduci
1325 2197 1462 2245 iussit
1480 2196 1538 2245 ad
1563 2196 1709 2244 domi-

191 2280 299 2314 num
319 2264 592 2330 Pyrrhoque
612 2265 723 2322 dici,
761 2281 882 2330 quae
903 2273 1063 2314 contra
1083 2273 1225 2328 caput
1243 2267 1347 2313 eius
1368 2265 1578 2314 medicus
1598 2280 1710 2330 spo-

192 2333 462 2398 pondisset.
518 2333 648 2383 Tunc
675 2350 761 2385 rex
788 2335 1038 2385 admiratus
1070 2350 1175 2383 eum
1196 2334 1373 2383 dixisse
1396 2335 1567 2383 fertur:
1617 2334 1712 2386 Ine

193 2410 269 2454 est
286 2402 588 2467 Fabriciis-3,
625 2407 711 2469 qui
731 2405 995 2470 difficilius
1011 2405 1077 2454 ab
1105 2405 1379 2466 honestate,
1411 2418 1565 2469 quam
1581 2407 1658 2456 sol
1677 2421 1710 2454 a

194 2489 350 2522 cursu
368 2489 459 2524 suo
478 2476 643 2524 averti
666 2482 841 2539 potest.
896 2473 1012 2523 'l'um
1039 2489 1125 2524 rex
1151 2473 1210 2524 ad
1229 2473 1437 2523 Siciliam
1463 2474 1709 2538 profectus
1731 2477 1807 2511 M)

192 2550 282 2591 est.
339 2541 582 2592 Fabricius
611 2546 750 2593 victis
778 2544 1060 2594 Samnitibus
1091 2552 1139 2593 et
1164 2543 1363 2593 Lucanis
1392 2544 1706 2608 triumphavit.
1728 2534 1802 2624 ξιξ·

194 2611 430 2661 Consules
462 2612 631 2662 deinde
665 2613 834 2663 Curius
870 2614 1099 2663 Dentatus
1130 2621 1179 2663 et
1207 2612 1456 2663 Cornelius
1487 2612 1710 2663 Lentulus
1796 2616 1806 2626 '

192 2681 418 2731 adversus
451 2681 675 2743 Pyrrhum
702 2686 833 2732 missi
862 2691 984 2733 sunt.
1034 2682 1203 2733 Curius
1225 2691 1387 2734 contra
1406 2700 1513 2733 eum
1532 2699 1710 2748 pugna·

189 2753 275 2814 vit,
312 2753 571 2802 exercitum
598 2754 700 2802 cius
720 2753 909 2817 cecidit,
941 2756 1094 2818 ipsum
1117 2753 1364 2803 Tarentum
1390 2754 1596 2819 fugavit,
1634 2769 1709 2803 ca·

192 2828 287 2870 stra
317 2823 463 2885 cepit.
511 2820 580 2870 Ea
609 2821 685 2870 die
719 2837 859 2873 caesa
892 2824 1095 2873 hostium
1127 2840 1243 2872 xxm
1263 2824 1405 2872 milia.
1465 2822 1634 2873 Curius
1664 2825 1709 2871 in
