2026 3238
757 171 980 216 LIBER
1027 172 1110 216 vm
1632 169 1698 217 61

179 321 263 355 nus
287 308 500 370 patrique
522 307 770 354 successit.
821 304 938 354 Nam
962 307 1077 353 Geta
1106 306 1255 354 hostis
1278 306 1495 368 publicus
1524 305 1698 355 iudica-

181 383 255 424 tus
277 375 527 423 confestim
553 376 709 438 periit.

288 445 430 492 Car.
460 443 566 493 XX.
597 442 734 510 (xl.)
776 442 961 493 Marcus
997 443 1138 507 igitur
1180 442 1399 491 Aurelius
1437 444 1700 492 Antoninus

180 514 457 575 BassianuS,
502 513 722 577 idemque
764 512 1027 574 Caracalla,
1068 527 1246 560 morum
1270 511 1373 560 fere
1402 521 1699 577 paternorum

180 584 291 646 fuit,
324 582 463 646 paulo
485 583 699 646 asperior
718 590 765 630 et
789 583 956 631 minax.
1013 580 1144 645 Opus
1163 581 1342 630 Romae
1368 584 1609 646 egregium
1628 582 1696 630 fe-

182 653 244 700 cit
267 651 459 713 lavacri,
483 666 604 715 quae
624 650 961 700 Antoninianae
981 650 1292 715 appellantur,
1316 652 1429 699 nihil
1451 658 1696 715 praeterea

182 720 499 770 memorabile.
548 719 802 784 Impatiens
826 720 1061 783 libidinis,
1094 728 1145 769 ut
1179 722 1256 785 qui
1287 733 1538 769 novercam
1566 736 1695 769 suam

179 788 342 838 Iuliam
359 804 554 839 uxorem
583 789 782 838 duxerit.
842 789 1106 838 Defunctus
1138 797 1211 839 est
1238 791 1284 839 in
1305 789 1552 840 Osdroene
1571 790 1695 855 apud
1736 807 1781 843 P.

178 857 407 908 Edessam
442 858 640 908 moliens
684 859 933 908 adversum
966 858 1161 908 Parthos
1192 859 1541 923 expeditionem
1571 874 1691 909 anno
1713 863 1803 897 GN·

179 929 362 992 imperii
392 945 458 977 vr.
495 943 660 977 mense
690 945 744 978 11.
784 929 865 977 vix
897 944 1122 992 egressus
1149 931 1315 977 aetatis
1344 946 1482 978 xum.
1513 944 1695 977 annum.
1720 919 1796 954 ²¹⁷·

179 997 365 1047 Funere
390 998 581 1062 publico
607 997 757 1046 elatus
784 1005 874 1046 est.
1322 1039 1324 1041 .

286 1068 426 1117 cn.
448 1066 577 1115 XXI.
599 1065 758 1132 (XII.)
798 1066 982 1131 Opilius
1002 1067 1172 1115 deinde
1184 1066 1436 1130 Macrinus,
1466 1069 1544 1132 qui
1565 1082 1697 1132 prae-

179 1137 334 1185 fectus
354 1137 592 1200 praetorio
615 1145 731 1198 erat,
760 1151 864 1185 cum
886 1136 981 1185 filio
1002 1136 1294 1185 Diadumeno
1315 1136 1426 1185 facti
1446 1136 1697 1200 imperato-

179 1221 258 1254 res
300 1205 413 1254 nihil
453 1205 756 1254 memorabile
793 1221 853 1256 ex
894 1207 1121 1269 temporis
1160 1206 1390 1255 brevitate
1426 1213 1694 1269 gesserunt.
1738 1225 1781 1260 P.

179 1273 296 1323 Nam
322 1276 569 1338 imperium
603 1290 765 1324 eorum
793 1275 931 1324 duum
958 1276 1186 1324 mensium
1217 1283 1264 1324 et
1290 1276 1426 1324 unius
1457 1277 1561 1324 anni
1592 1276 1693 1325 fuit.
1710 1282 1805 1319 C.N·

180 1343 422 1392 Seditione
441 1343 623 1392 militari
644 1345 778 1393 ambo
807 1346 979 1408 pariter
999 1346 1149 1393 occisi
1174 1353 1295 1393 sunt.
1721 1340 1796 1371 2¹⁸·

291 1414 428 1463 Gar.
448 1412 600 1463 XXII.
623 1413 807 1479 (XIII.)
848 1413 1043 1463 Creatus
1065 1422 1137 1462 est
1158 1422 1266 1478 post
1285 1415 1372 1463 hos
1392 1413 1456 1462 M.
1477 1414 1696 1464 Aurelius

179 1483 455 1532 Antoninus.
491 1482 579 1531 Hic
595 1482 817 1532 Antonini
829 1483 1098 1532 Caracallae
1117 1483 1238 1531 filius
1255 1483 1515 1547 putabatur,
1539 1499 1694 1533 sacer-

180 1553 267 1602 dos
287 1560 440 1602 autem
458 1551 751 1616 Heliogabali
770 1553 932 1616 templi
955 1559 1067 1601 erat.
1111 1551 1157 1600 Is
1179 1567 1282 1601 cum
1301 1551 1496 1602 Romam
1519 1555 1695 1617 ingenti

182 1630 228 1671 et
265 1621 456 1670 militum
484 1629 531 1670 et
566 1628 755 1670 senatus
776 1623 1132 1685 exspectatione
1158 1622 1395 1684 venisset,
1427 1623 1614 1686 probris
1644 1639 1696 1670 se

181 1692 394 1741 omnibus
416 1691 757 1740 contaminavit.
796 1689 1170 1754 Impudicissime
1198 1697 1245 1738 et
1262 1691 1607 1741 obscenissime
1628 1693 1696 1740 vi-

179 1762 271 1823 xit,
304 1761 589 1824 biennioque
619 1768 729 1824 post
756 1768 804 1809 et
823 1778 911 1810 v111
929 1760 1168 1808 mensibus
1195 1759 1391 1808 tumultu
1419 1761 1697 1810 interfectus
1742 1773 1782 1805 Ρ.

181 1839 256 1879 est
273 1829 457 1879 militari
483 1837 529 1878 et
549 1844 654 1877 cum
674 1843 734 1878 eo
754 1837 902 1877 mater
922 1829 1139 1877 Soaemia
1165 1830 1301 1894 Syra.
1657 1844 1659 1846 ’
1716 1830 1808 1863 GN·

286 1900 426 1949 Car.
446 1897 622 1955 XXIII.
645 1896 819 1963 (XIV.)
857 1899 1105 1946 Successit
1127 1898 1238 1946 huic
1256 1896 1475 1947 Aurelius
1494 1898 1696 1949 Alexan·
1716 1887 1792 1919 ψ’

181 1968 290 2031 der,
325 1967 383 2018 ab
413 1970 623 2017 exercitu
652 1966 854 2030 Caesar,
895 1982 922 2016 a
953 1974 1115 2016 senatu
1142 1967 1383 2031 Augustus
1415 1970 1694 2032 nominatus,

179 2038 362 2087 iuvenis
400 2037 673 2099 admodum,
722 2044 1048 2102 susceptoque
1088 2035 1312 2086 adversus
1351 2035 1520 2087 Persas
1569 2039 1697 2088 bello

180 2108 370 2157 Xerxen
389 2121 551 2156 eorum
574 2122 739 2172 regem
757 2107 1105 2171 gloriosissime
1127 2107 1255 2155 vicit.
1292 2106 1538 2156 Militarem
1558 2107 1698 2158 disci-

182 2177 353 2240 plinam
371 2177 675 2225 severissime
698 2178 837 2224 rexit.
876 2175 1111 2234 Quasdam
1130 2175 1460 2224 tumultuantes
1480 2176 1697 2243 legiones

181 2248 387 2309 integras
408 2245 742 2293 exauctoravit.
794 2244 1104 2293 Assessorem
1130 2244 1290 2293 habuit
1317 2244 1395 2294 vel
1424 2247 1583 2297 scrinii
1602 2264 1696 2298 ma-

182 2316 375 2379 gistrum
394 2313 657 2377 Ulpianum,
680 2314 793 2362 iuris
813 2312 1117 2362 conditorem.
1155 2312 1334 2363 Romae
1356 2330 1546 2380 quoque
1565 2316 1695 2368 favo·

183 2383 340 2433 rabilis
359 2382 462 2432 fuit.
522 2381 663 2432 Periit
682 2384 727 2431 in
749 2381 896 2432 Gallia
909 2382 1099 2432 militari
1128 2382 1322 2432 tumultu
1352 2387 1492 2434 tertio
1513 2386 1698 2440 decimo
1739 2400 1779 2432 P-

183 2453 364 2517 imperii
401 2466 521 2502 anno
561 2460 609 2501 et
645 2452 722 2501 die
758 2469 863 2502 vm.
916 2451 968 2500 In
1006 2460 1198 2500 matrem
1234 2468 1362 2501 suam
1398 2455 1698 2509 Mammaeam
1716 2455 1807 2489 ¹2⁸·

183 2523 320 2571 unice
353 2522 476 2586 pius.
1721 2512 1796 2546 ²³⁵·
