2026 3238
737 180 1066 226 LIBERI.
1632 173 1660 224 7

144 325 264 380 ctos,
287 332 392 366 cum
410 316 568 367 Sabini
592 315 813 365 Romanis
832 314 1007 364 bellum
1027 313 1308 376 intulissent,
1329 316 1441 364 victi
1469 321 1592 378 sunt,
1615 321 1663 364 et

144 385 204 437 de
230 388 303 436 his
326 393 400 436 est
418 385 761 450 triumphatum.
815 383 990 445 Quinto
1010 398 1129 433 anuo
1153 382 1370 433 Valerius
1390 384 1500 447 ille,
1534 384 1661 433 Bruti

146 455 331 521 collega
350 462 398 505 et
423 461 587 521 quater
605 453 772 504 consul
787 490 802 517 ,
839 452 1044 503 fataliter
1063 460 1272 503 mortuus
1292 460 1384 516 est,
1406 453 1527 504 adeo
1549 467 1661 518 pau-

147 540 247 590 per,
275 533 324 575 ut
347 524 532 574 collatis
553 539 580 574 a
602 522 784 589 populo
804 525 1001 573 nummis
1014 530 1247 588 sumptum
1266 522 1482 573 hahuerit
1502 522 1661 588 sepul-

146 603 291 646 turae.
332 593 483 655 Quem
502 601 759 657 matronae,
782 594 904 643 sicut
921 592 1130 656 Brutum,
1152 608 1321 643 annum
1339 592 1572 642 luxerunt.

247 683 386 732 Gar.
408 679 514 730 ΧΠ.
543 680 681 748 (ΧΙ.)
723 680 861 731 Nono
882 695 1002 731 anno
1024 689 1133 746 post
1158 697 1300 746 reges
1322 687 1534 743 exactos,
1557 695 1661 729 cum

144 767 288 816 gener
306 750 545 816 Tarquinii
571 751 628 801 ad
653 752 864 801 iniuriam
892 752 1048 800 soceri
1078 750 1400 800 vindicandam
1424 751 1661 815 ingentem

144 820 420 886 collegisset
454 823 736 884 exercitum,
776 835 897 870 nova
931 820 1110 870 Romae
1139 820 1340 885 dignitas
1377 826 1452 869 est
1483 825 1658 881 creata,

143 904 266 956 quae
279 890 506 940 dictatura
525 890 805 956 appellatur,
826 892 975 939 maior
994 905 1131 955 quam
1151 890 1440 939 consulatus.
1479 888 1660 937 Eodem
1679 902 1756 936 Α.υ

141 974 263 1010 anno
284 962 419 1010 etiam
442 962 667 1025 magister
687 962 894 1026 equitum
915 960 1066 1010 factus
1087 967 1187 1022 est,
1226 961 1305 1025 qui
1331 958 1547 1008 dictatori
1576 958 1659 1006 ob·
1688 959 1763 992 2⁵3·

143 1031 435 1094 sequeretur.
478 1029 648 1096 Neque
679 1030 932 1095 quidquam
963 1029 1159 1079 similius
1189 1037 1348 1094 potest
1368 1028 1488 1091 dici,
1524 1043 1659 1093 quam

144 1097 369 1148 dictatura
391 1101 578 1164 antiqua
602 1100 712 1149 huic
740 1101 926 1164 imperii
948 1100 1200 1164 potestati,
1230 1114 1367 1164 quam
1386 1113 1510 1148 nunc
1540 1105 1659 1146 tran-

144 1167 348 1233 quillitas
367 1175 522 1218 vestra
539 1169 697 1231 habet,
720 1171 917 1219 maxime
934 1183 1038 1218 cum
1048 1168 1290 1233 Augustus
1316 1182 1507 1233 quoque
1521 1166 1657 1216 Octa·

142 1238 323 1300 vianus,
351 1236 410 1286 de
430 1253 524 1303 quo
546 1244 714 1302 postea
733 1238 963 1301 dicemus,
1002 1245 1048 1286 et
1067 1246 1174 1287 ante
1195 1253 1300 1287 eum
1322 1236 1464 1287 Caius
1487 1237 1661 1286 Caesar

141 1306 228 1356 sub
251 1306 506 1356 dictaturae
532 1309 719 1357 nomine
749 1314 891 1372 atque
919 1308 1100 1357 honore
1129 1309 1443 1372 regnaverint.
1502 1306 1660 1355 Dicta·

140 1383 216 1425 tor
238 1383 392 1426 autem
418 1376 596 1427 Romae
622 1379 798 1442 primus
826 1377 912 1426 fuit
942 1376 1161 1440 Larcius,
1202 1378 1426 1441 magister
1455 1378 1661 1441 equitum

144 1447 319 1510 primus
344 1446 428 1510 Sp.
451 1445 662 1499 Cassius.

1678 374 1767 408 AB.

1686 431 1758 464 ⁶251.

247 1533 389 1582 Gar.
408 1532 538 1582 xlll.
560 1533 718 1601 (XII.)
746 1536 893 1584 Sexto
915 1535 1099 1584 decimo
1121 1550 1242 1584 anno
1266 1543 1374 1599 post
1388 1549 1531 1599 reges
1553 1549 1661 1582 exa·
1678 1555 1761 1589 Aa]x

143 1608 245 1651 ctos
276 1602 554 1652 seditionem
584 1603 788 1668 populus
808 1604 988 1655 Romae
1013 1606 1154 1668 fecit,
1196 1613 1413 1670 tanquam
1446 1620 1471 1653 a
1498 1609 1661 1653 senatu
1676 1612 1749 1645 26⁰.

141 1679 283 1737 atque
314 1672 584 1722 consulibus
610 1682 916 1738 premeretur.
967 1674 1082 1723 Tum
1118 1677 1295 1739 etipse
1324 1674 1415 1723 sibi
1449 1673 1659 1722 tribunos

144 1741 314 1805 plebis,
336 1743 469 1806 quasi
491 1745 710 1806 proprios
740 1743 920 1792 iudices
942 1751 989 1793 et
1018 1744 1315 1806 defensores,
1344 1745 1544 1805 creavit,
1575 1757 1661 1806 per

143 1824 263 1876 quos
283 1817 442 1860 contra
468 1819 679 1860 senatum
707 1819 754 1860 et
774 1813 996 1862 consules
1021 1821 1145 1862 tutus
1174 1828 1284 1861 esse
1306 1820 1485 1876 posset.

246 1897 390 1947 Gar.
418 1896 543 1947 XIV.
595 1899 822 1964 Sequenti
858 1913 976 1948 anno
1007 1898 1168 1946 Volsci
1200 1898 1372 1948 bellum
1410 1913 1759 1963 reparave·A.u,

139 1974 268 2030 runt,
309 1975 356 2016 et
382 1969 493 2016 victi
521 1970 624 2018 acie
653 1970 791 2017 etiam
819 1966 1041 2017 Coriolos
1073 1969 1325 2030 civitatem,
1361 1984 1496 2032 quam
1518 1968 1658 2017 habe·
1682 1976 1755 2010 2⁶¹-

140 2036 248 2085 bant
267 2038 506 2101 optimam,
547 2037 863 2103 perdiderunt.

243 2125 384 2174 Car.
422 2124 521 2175 XV.
546 2123 729 2191 (xm.)
774 2124 954 2174 Octavo
989 2123 1173 2173 decimo
1215 2140 1336 2175 anno
1373 2132 1490 2190 postv
1519 2129 1768 2189 regesA‚0,

142 2195 326 2242 eiectos
353 2194 578 2258 expulsus
607 2209 667 2243 ex
696 2194 814 2243 urbe
842 2193 900 2253 Q.
931 2192 1163 2256 Marcius,
1206 2194 1299 2244 dux
1323 2195 1654 2257 Romanorum,
1683 2207 1756 2240 26⁴.

142 2263 222 2326 qui
242 2261 461 2311 Coriolos
482 2270 691 2326 ceperat,
712 2261 995 2311 Volscorum
1015 2263 1250 2312 civitatem
1263 2301 1278 2327 ‚
1308 2264 1367 2313 ad
1384 2265 1519 2328 ipsos
1543 2263 1655 2312 Vol·

140 2345 254 2380 scos
279 2330 519 2382 contendit
535 2333 697 2395 iratus,
735 2339 783 2381 et
802 2331 971 2382 auxilia
997 2339 1158 2382 contra
1183 2332 1422 2382 Romanos
1448 2334 1651 2397 accepit,

141 2395 474 2467 Romanosque
513 2416 660 2466 saepe
690 2403 818 2451 vicit.
881 2400 1043 2466 Usque
1078 2401 1136 2451 ad
1166 2404 1374 2467 quintum
1410 2401 1653 2451 miliarium

139 2470 267 2519 urbis
287 2473 508 2534 accessit,
531 2479 885 2536 oppugnaturus
916 2472 1054 2521 etiam
1081 2474 1273 2536 patriam
1301 2472 1491 2537 [suam],
1524 2471 1651 2536 lega-

138 2541 217 2602 tis,
239 2541 319 2605 qui
341 2554 505 2604 pacem
530 2542 769 2605 petebant,
791 2541 1068 2607 repudiatis,
1088 2543 1176 2590 nisi
1198 2541 1255 2591 ad
1275 2557 1382 2591 eum
1398 2548 1547 2590 mater
1558 2540 1652 2589 Ve-

138 2610 255 2658 turia
276 2616 323 2658 et
340 2623 461 2660 uxor
476 2610 723 2660 Volumnia
743 2627 803 2661 ex
827 2612 943 2660 urbe
960 2613 1221 2675 venissent,
1262 2627 1454 2677 quarum
1474 2610 1586 2660 fletu
1607 2618 1654 2659 et

138 2678 473 2743 deprecatione
490 2688 740 2745 superatus
760 2682 962 2731 removit
981 2682 1253 2731 exercitum.
1300 2680 1458 2746 Atque
1479 2680 1556 2730 hic
1576 2695 1651 2731 se-

138 2748 316 2798 cundus
345 2757 453 2813 post
471 2748 768 2815 Tarquinium
788 2750 892 2814 suit,
916 2751 994 2816 qui
1012 2749 1104 2800 dux
1126 2758 1287 2801 contra
1309 2751 1501 2816 patriam
1521 2765 1650 2799 suam

138 2826 280 2867 esset.
