2026 3238
707 185 1069 232 LIBERlll.
1581 184 1646 233 19

132 321 203 372 lus
226 336 329 370 cum
344 335 484 385 parva
497 335 630 369 manu
644 321 850 386 equitum
870 319 1105 370 dimicavit
1126 329 1171 370 et
1200 337 1363 385 regem
1391 322 1645 386 Gallorum,

138 387 450 440 virdomarum
473 390 675 451 nomine,
705 403 839 437 manu
860 403 943 437 sua
964 390 1153 439 occidit.
1191 389 1362 440 Postea
1383 406 1486 440 cum
1500 390 1645 440 colle·

129 477 189 526 ga
222 461 438 525 ingentes
470 459 633 522 copias
655 456 892 507 Gallorum
918 461 1135 523 peremit,
1163 459 1478 509 Mediolanum
1498 476 1643 525 expu-

128 531 305 594 gnavit,
327 528 548 593 grandem
565 526 784 591 praedam
802 527 996 576 Romam
1020 529 1225 593 pertulit.
1267 529 1339 579 Ac
1358 531 1645 595 triumphans

128 598 379 649 Marcellus
400 596 554 662 spolia
577 595 694 645 Galli
722 598 867 660 stipiti
901 599 1117 661 imposita
1140 600 1344 648 humeris
1375 602 1472 648 suis
1501 601 1642 648 vexit.

234 669 318 717 CA
333 684 379 716 ι».
397 666 498 716 Vll.
531 665 595 715 M.
617 664 824 715 Minucio
845 666 988 729 Rufo,
1018 667 1065 717 P.
1095 667 1320 718 Cornelio
1341 684 1469 718 cosS.
1510 668 1641 719 Istris
1662 686 1742 723 ΑΛ]

127 738 298 788 bellum
329 736 505 785 illatum
533 742 631 798 est,
675 737 782 800 quia
812 735 1071 786 latrocinati
1107 739 1301 787 navibus
1329 738 1642 788 Romanorum
1670 744 1745 778 ⁵³¹·

125 808 332 868 fuerant,
380 820 502 871 quae
546 806 775 854 frumenta
812 806 1118 869 exhibebant,
1162 808 1507 872 perdomitique
1538 816 1643 858 sunt

126 892 304 926 omnes,
337 874 474 940 (ΙΙΙ.)
500 874 683 923 Eodem
703 886 822 923 anno
843 874 1017 923 bellum
1037 875 1259 925 Punicum
1277 878 1533 926 secundum
1546 879 1641 926 Ro·
1670 886 1732 921 ⁵3⁴

123 947 269 996 manis
298 945 473 994 illatum
502 952 575 993 est
604 958 690 1008 per
717 943 1049 1008 Hannibalem,
1091 943 1541 1011 Carthaginiensium
1561 947 1641 996 du-

125 1031 245 1079 cem,
286 1016 364 1079 qui
401 1014 683 1077 Saguntum,
722 1013 974 1077 Hispaniae
1000 1016 1252 1078 civitatem,
1282 1015 1504 1065 Romanis
1532 1019 1641 1065 ami-

125 1101 251 1148 cam,
291 1096 567 1148 oppugnare
586 1098 844 1147 aggressus
864 1090 961 1146 est,
1001 1099 1166 1133 annum
1194 1100 1342 1148 agens
1367 1086 1641 1135 vicesimum

122 1156 305 1216 aetatiS,
344 1153 496 1218 copiis
525 1154 826 1217 congregatis
859 1169 917 1202 cr.
944 1152 1135 1202 milium.
1184 1153 1305 1203 Huic
1331 1154 1527 1203 Romani
1555 1170 1642 1219 per

123 1223 306 1287 legatos
331 1222 734 1283 denuntiaverunt,
756 1229 805 1269 ut
818 1221 946 1270 bello
966 1223 1238 1271 abstineret.
1277 1222 1324 1271 Is
1349 1224 1533 1287 legatos
1561 1225 1639 1273 ad·

120 1294 305 1342 mittere
331 1290 493 1340 noluit.
551 1290 748 1339 Romani
781 1292 919 1340 etiam
944 1290 1273 1355 Carthaginem
1302 1294 1552 1357 miserunt,
1591 1302 1639 1343 ut

120 1361 413 1411 mandaretur
431 1359 693 1423 Hannibali,
721 1375 781 1408 ne
801 1359 975 1408 bellum
995 1367 1157 1410 contra
1174 1363 1335 1410 socios
1356 1362 1531 1426 populi,
1544 1363 1638 1412 Ro·

119 1433 239 1481 mani
263 1438 469 1496 gereret.
508 1430 636 1479 Dura
659 1432 892 1494 'responsa
914 1445 939 1479 a
960 1428 1424 1494 Carthaginiensibus
1442 1432 1638 1482 reddita.

121 1502 362 1566 Saguntini
389 1501 568 1549 inte-rea
605 1499 727 1548 fame
758 1500 870 1547 victi
891 1507 1015 1563 sunt,
1048 1502 1268 1564 captique
1295 1501 1352 1549 ab
1384 1501 1638 1551 Hannibale

120 1571 291 1620 ultimis
312 1571 478 1634 poenis
498 1569 775 1619 afficiuntur.

226 1639 306 1698 CA
322 1656 366 1690 ι».
392 1636 520 1687 vm.
554 1636 670 1686 Tum
688 1637 738 1686 P.
768 1636 1016 1687 Cornelius
1035 1639 1202 1703 Scipio
1224 1653 1328 1687 cum
1354 1641 1565 1688 exercitu
1590 1640 1636 1688 in

118 1709 383 1774 Hispaniam
410 1708 654 1772 profectus
677 1714 767 1770 est,
790 1704 1006 1756 Tiberius
1025 1708 1333 1772 Sempronius
1354 1709 1400 1757 in
1412 1709 1634 1758 Siciliam.

117 1778 298 1828 Bellum
311 1776 775 1841 Carthaginiensibus
794 1776 1016 1825 indictum
1036 1784 1124 1826 est.
1163 1775 1298 1842 (IV.)
1319 1777 1543 1826 Hannibal
1561 1794 1633 1826 re-

116 1848 228 1897 licto
247 1849 294 1896 in
312 1846 534 1911 Hispania
555 1846 698 1894 fratre
717 1844 1007 1894 Hasdrubale
1026 1845 1312 1907 Pyrenaeum
1331 1847 1527 1895 transiit.
1552 1846 1632 1895 Al-

118 1932 222 1981 pes,
246 1916 397 1966 adhuc
416 1931 472 1964 ea
494 1922 628 1980 parte
650 1915 816 1977 inviaS,
846 1915 934 1963 sibi
957 1915 1199 1978 patefecit.
1240 1913 1453 1964 Traditur
1471 1915 1529 1964 ad
1542 1915 1631 1965 lta·

115 1987 222 2036 liam
245 2002 365 2036 nxxx
389 1984 514 2034 milia
534 1984 761 2049 peditum,
792 1984 880 2049 [et]
904 2000 965 2033 xx
983 1983 1109 2033 milia
1135 1986 1359 2049 equitum,
1383 1992 1565 2048 septem
1586 1993 1633 2034 et

114 2073 205 2105 xxx
233 2055 511 2119 elephantos
532 2054 800 2103 adduxisse.
857 2053 1040 2103 Interea
1068 2053 1198 2103 multi
1217 2053 1414 2117 Ligures
1446 2061 1491 2102 et
1514 2053 1630 2103 Galli

114 2125 356 2175 Hannibali
381 2139 435 2173 se
456 2126 811 2173 coniunxerunt.
853 2123 1159 2187 Sempronius
1172 2122 1411 2173 Gracchus
1439 2126 1630 2188 cognito

115 2195 172 2243 ad
201 2193 380 2244 Italiam
398 2193 669 2243 Hannibalis
689 2192 890 2242 adventu
912 2208 972 2241 ex
992 2193 1152 2242 Sicilia
1178 2194 1438 2243 exercitum
1462 2192 1629 2242 Arimi·

113 2277 219 2312 num
241 2263 440 2312 traiecit.

220 2332 360 2381 Car.
381 2329 464 2380 lx.
501 2330 550 2381 P.
573 2330 822 2380 Cornelius
843 2331 1006 2395 Scipio
1026 2330 1269 2380 Hannibali
1292 2333 1467 2395 primus
1487 2331 1628 2395 [apud

114 2401 342 2464 Ticinum]
364 2402 585 2450 occurrit.
636 2397 903 2453 Commisso
941 2400 1154 2464 proelio,
1202 2400 1376 2464 fugatis
1398 2401 1494 2448 suis
1520 2402 1628 2464 ipse

112 2470 382 2519 vulneratus
409 2472 456 2520 in
484 2477 635 2520 castra
653 2470 807 2519 rediit.
865 2470 1172 2535 Sempronius
1195 2467 1434 2518 Gracchus
1455 2477 1502 2517 et
1521 2472 1627 2533 ipse

114 2540 324 2605 confligit
341 2539 463 2603 apud
483 2539 697 2589 Trebiam
720 2555 916 2589 amnem.
939 2539 986 2589 Is
1013 2554 1204 2604 quoque
1221 2541 1436 2588 vincitur.
1457 2538 1625 2587 Hanni·

111 2609 204 2659 bali
227 2608 355 2658 multi
377 2624 430 2657 se
447 2611 494 2658 in
513 2608 644 2660 ltalia
663 2609 953 2660 dediderunt.
987 2609 1102 2659 Inde
1123 2609 1181 2659 ad
1191 2608 1406 2658 Tusciam
1426 2610 1622 2658 veniens
1643 2620 1736 2655 Α.υ.

110 2677 337 2728 Hannibal
357 2678 584 2728 Flaminio
605 2678 787 2729 consuli
815 2682 1035 2729 occurrit.
1073 2678 1232 2744 Ipsum
1257 2678 1531 2729 Flaminium
1555 2679 1622 2727 in·
1638 2677 1714 2712 ³³³·

110 2749 310 2798 teremit.
349 2747 660 2797 Romanorum
685 2765 779 2800 nv
794 2749 919 2799 milia
948 2764 1086 2799 caesa
1106 2757 1228 2812 sunt,
1259 2750 1403 2799 ceteri
1424 2748 1620 2813 diffuge-

111 2826 230 2868 runt.
278 2817 451 2867 Missus
480 2817 705 2868 adversus
732 2817 1030 2868 Hannibalern
1058 2826 1222 2883 postea
1246 2833 1273 2868 a
1302 2818 1523 2938 {omanis
1563 2816 1620 2877 Q.
