2026 3238
745 202 968 248 LIBER
1014 204 1080 248 lX.
1610 194 1675 244 67

163 340 231 386 vir
268 340 465 402 egregie
506 345 712 387 moratus
750 345 798 386 et
840 338 909 385 rei
937 337 1153 401 publicae
1183 337 1421 401 gerendae
1459 335 1674 384 idoneus.
1718 344 1759 376 Ρ

161 406 287 456 Nihil
310 414 462 456 tamen
482 405 654 456 clarum
674 408 824 471 potuit
846 407 1099 457 ostendere
1124 409 1241 457 intra
1259 414 1442 456 sextum
1467 418 1675 454 mensem
1695 400 1737 434 0·
1742 400 1787 433 Ν

162 478 343 541 imperii
367 483 517 525 morte
541 483 838 541 praeventus.
901 476 1164 540 Florianus,
1196 479 1276 541 qui
1297 475 1460 526 Tacito
1481 487 1673 523 succes·
1699 458 1773 491 ²⁷⁶

161 554 303 609 serat,
325 546 509 595 duobus
527 546 766 595 mensibus
784 554 833 594 et
851 545 1016 596 diebus
1042 564 1104 596 xx
1125 548 1174 596 in
1192 547 1390 611 imperio
1412 545 1500 594 fuit
1522 557 1676 607 neque

162 618 410 680 quicquam
429 615 616 680 dignum
635 618 859 664 memoria
877 618 988 681 egit.

271 685 411 734 ΟΑΡ.
432 683 578 734 XVII.
593 683 729 751 (xl.)
772 684 884 734 Post
903 687 1025 736 hunc
1043 685 1241 768 Probus,
1263 687 1335 734 vir
1353 685 1547 734 illustris
1572 682 1674 747 glo-
1720 688 1759 719 Ρ·

160 756 226 803 ria
267 754 477 817 militari,
516 754 574 803 ad
617 754 1058 805 administrationem
1091 757 1161 805 rei
1200 755 1418 820 publicae
1453 754 1674 803 accessit.
1695 744 1735 777 ⁰·
1742 743 1775 779 Ν

161 822 333 872 Gallias
361 839 388 872 a
413 824 622 873 barbaris
647 832 903 888 occupatas
930 826 1117 890 ingenti
1137 825 1422 889 proeliorum
1449 823 1677 872 felicitate

160 894 373 943 restituit.
430 892 671 954 Quosdam
703 896 949 959 imperium
977 910 1204 958 usurpare
1235 903 1455 956 conatOS,
1494 891 1678 941 scilicet

160 964 451 1012 Saturninum
468 964 516 1012 in
534 962 744 1027 Oriente,
774 963 1021 1014 Proculum
1052 972 1100 1013 et
1116 964 1356 1013 Bonosum
1366 963 1674 1027 Agrippinae,

160 1032 314 1081 multis
342 1034 670 1082 certaminibus
705 1036 964 1098 oppressit.
1018 1035 1192 1083 Vineas
1224 1031 1384 1082 Gallos
1424 1040 1471 1081 et
1498 1031 1675 1080 Panno·

159 1103 262 1150 nios
283 1101 457 1151 habere
476 1105 701 1167 permisit.
754 1103 913 1168 Opere
934 1104 1117 1153 militari
1134 1103 1315 1152 Almam
1333 1109 1537 1151 montem
1554 1100 1675 1164 apud

159 1172 374 1220 Sirmium
396 1179 444 1221 et
460 1172 666 1222 Aureum
686 1173 811 1237 apud
828 1173 1057 1223 Moesiam
1077 1175 1371 1238 superiorem
1391 1173 1540 1221 vineis
1563 1183 1673 1219 con·

158 1244 304 1290 seruit
330 1249 378 1290 et
396 1242 774 1306 provincialibus.
784 1243 1007 1293 colendas
1027 1243 1173 1292 dedit.
1216 1242 1305 1292 Hic
1331 1258 1436 1291 cum
1459 1240 1588 1290 bella
1606 1242 1672 1288 in-

158 1326 347 1360 numera
366 1313 617 1376 gessisset,
654 1328 772 1377 pace
800 1322 957 1378 parata
985 1314 1099 1362 dixit
1123 1315 1266 1363 brevi
1289 1314 1469 1362 milites
1495 1326 1671 1361 neces-

157 1384 326 1431 sarios
350 1398 450 1432 non
473 1383 686 1446 futuros.
740 1383 824 1431 Vir
847 1399 985 1446 acer,
1026 1390 1270 1446 strenuus,
1298 1384 1473 1443 iustuS,
1515 1387 1562 1429 et
1594 1381 1673 1443 qui

158 1449 455 1500 Aurelianum
486 1460 712 1516 aequaret
734 1453 885 1517 gloria
913 1453 1120 1516 militari,
1155 1466 1335 1501 morum
1351 1459 1506 1501 autem
1525 1448 1672 1498 civili-

159 1527 251 1569 tate
270 1528 529 1603 superaret.
570 1520 853 1571 Interfectus
879 1530 954 1571 est
980 1531 1135 1572 tamen
1154 1523 1308 1571 Sirmii
1327 1520 1523 1571 tumultu
1553 1518 1754 1567 mili-12.

158 1591 240 1638 tari
267 1592 316 1639 in
328 1590 449 1639 turri
475 1591 658 1640 ferrata.
702 1589 958 1656 Imperavit
975 1606 1120 1642 annos
1141 1610 1206 1654 vr,
1236 1607 1426 1641 menses
1458 1596 1670 1654 quatuor.
1694 1591 1734 1624 C·
1741 1590 1784 1625 Ν·

263 1660 404 1710 CAP.
434 1659 606 1709 XVIII.
630 1660 789 1725 (XII.)
832 1661 947 1710 Post
979 1662 1102 1711 hunc
1121 1660 1271 1711 Carus
1301 1668 1375 1710 est
1407 1660 1560 1709 factus
1578 1649 1735 1707 Au-28

155 1738 338 1795 gustus,
377 1729 600 1779 Narbone
633 1738 769 1780 natus
795 1733 843 1780 in
872 1730 1037 1794 Gallia,
1081 1732 1160 1796 qui
1189 1731 1436 1779 confestim
1458 1727 1674 1778 Carinum

158 1808 206 1848 et
223 1799 549 1849 Numerianum
570 1801 692 1849 lilios
712 1799 941 1851 Caesares
962 1801 1077 1850 fecit
1091 1838 1106 1864 ,
1151 1815 1256 1850 cum
1276 1799 1443 1864 quibus
1463 1799 1676 1862 regnavit

158 1869 338 1918 duobus
363 1871 508 1919 annis
564 1869 658 1918 Sed
679 1870 786 1918 dum
810 1870 986 1919 bellum
1005 1871 1252 1919 adversum
1272 1869 1503 1918 Sarmatas
1533 1868 1672 1930 gerit,

1700 800 1775 834 276.

56 1996 64 2004 .
156 1940 361 1989 nuntiato
387 1938 629 1988 Persarum
648 1940 842 1989 tumultu
862 1940 920 1989 ad
940 1939 1179 1989 Orientem
1201 1940 1442 2004 profectus
1462 1952 1541 1985 res
1563 1951 1672 1984 con·
1714 1957 1755 1989 Ρ.

156 2017 224 2058 tra
246 2008 415 2058 Persas
434 2008 618 2059 nobiles
638 2011 804 2074 gessit.
842 2008 981 2074 Ipsos
1002 2009 1186 2073 proelio
1207 2009 1340 2057 fudit.
1398 2006 1592 2056 Cochen
1620 2013 1665 2054 et
1694 2014 1734 2047 c
1738 2014 1782 2045 N-

157 2078 528 2143 Ctesiphontem‚
567 2079 709 2128 urbes
728 2079 1068 2142 nobilissimas,
1107 2081 1252 2143 cepit.
1307 2076 1493 2126 Etcum
1519 2072 1763 2123 castram-

156 2162 297 2231 supra
315 2147 553 2213 Tigridem
574 2147 787 2211 haberet,
805 2150 903 2198 ictu
923 2147 1064 2197 divini
1087 2148 1296 2196 fulminis
1309 2148 1465 2210 periit.
1502 2143 1672 2193 Nume-

156 2219 310 2266 rianus
337 2231 547 2282 quoque,
570 2216 692 2265 lilius
718 2219 839 2280 eius,
870 2233 1009 2282 quem
1027 2232 1188 2266 secum
1209 2214 1463 2265 Caesarem
1487 2214 1545 2263 ad
1564 2213 1671 2262 Per-

156 2302 233 2336 sas
253 2286 474 2349 duxerat,
507 2285 795 2336 adolescens
818 2288 1044 2351 egregiae
1071 2285 1266 2348 indolis,
1306 2299 1408 2334 cum
1431 2283 1673 2332 oculorum

157 2356 322 2415 dolore
342 2362 591 2420 correptus
619 2357 666 2405 in
689 2355 910 2406 lecticula
934 2356 1210 2418 veheretur,
1241 2353 1500 2419 impulsore
1519 2352 1670 2417 Apro,
1713 2379 1754 2412 p,

157 2428 234 2491 qui
256 2440 399 2475 socer
425 2426 526 2475 eius
545 2431 661 2489 erat,
695 2439 784 2491 per
801 2426 993 2476 insidias
1012 2428 1202 2475 occisus
1224 2432 1313 2474 est.
1348 2423 1533 2473 Etcum
1560 2422 1670 2471 dolo
1692 2436 1780 2470 ωε,

156 2494 471 2545 occultaretur
493 2497 643 2559 ipsius
662 2509 807 2559 mors,
836 2510 1084 2562 quousque
1102 2494 1233 2560 Aper
1257 2493 1479 2544 invadere
1506 2500 1672 2558 posset
1701 2492 1777 2527 ²⁸⁴·

156 2566 426 2629 imperium,
466 2565 653 2614 foetore
690 2566 930 2616 cadaveris
960 2565 1142 2631 prodita
1177 2573 1264 2614 est.
1316 2562 1492 2613 Milites
1532 2564 1671 2624 enim,

159 2636 238 2700 qui
267 2650 372 2684 eum
390 2635 725 2700 sequebantur,
754 2635 940 2686 foetore
959 2638 1180 2686 commoti
1202 2634 1404 2684 diductis
1425 2632 1673 2682 lecticulae

158 2703 311 2769 palliis
341 2711 451 2768 post
479 2703 658 2769 aliquot
684 2704 787 2755 dies
826 2714 1020 2755 mortem
1058 2708 1160 2755 eius
1190 2712 1346 2754 notam
1378 2703 1552 2752 habere
1588 2716 1672 2766 po-

155 2781 355 2823 tuerunt.

260 2844 300 2892 G
315 2862 344 2893 A
362 2861 405 2893 Ρ.
432 2841 558 2892 ΧΙΧ.
600 2850 783 2894 interea
805 2842 1017 2907 Carinus,
1059 2861 1197 2909 quem
1218 2844 1470 2938 Caesafegn
1491 2843 1548 2892 ad
1568 2842 1666 2891 Par-

1357 2927 1389 2960 o
