2026 3238
393 157 461 207 26
964 159 1321 206 EUTROPII

392 303 527 360 gatus
547 301 706 345 contra
724 293 1003 342 Antiochum
1026 295 1265 358 profectus
1286 302 1373 343 est.
1419 293 1659 355 Hannibal,
1693 295 1771 358 qui
1797 309 1900 342 cnm

392 364 626 413 Antiocho
655 371 768 425 erat,
791 363 941 412 navali
963 363 1144 427 proelio
1171 367 1321 412 victus
1343 370 1432 412 est.
1478 361 1590 426 Ipse
1615 370 1783 426 postea
1806 363 1898 412 An·

392 434 579 484 tiochus
602 434 728 482 circa
756 432 967 495 Sipylum
988 432 1045 480 ad
1070 432 1357 497 Magnesiam
1372 470 1385 495 ,
1425 431 1570 480 Asiae
1590 433 1844 494 civitatem,
1872 447 1899 481 a

391 502 586 552 consule
615 500 836 551 Cornelio
862 502 1086 565 Scipione
1111 504 1288 566 ingenti
1316 502 1498 567 proelio
1522 501 1651 549 fusus
1679 508 1767 550 est.
1805 500 1898 549 Au·

388 571 502 620 xilio
523 572 609 620 fuit
633 571 852 619 Romanis
873 572 918 619 in
944 586 998 619 ea
1019 585 1173 634 pugna
1199 571 1451 633 EumeneS,
1489 570 1628 619 Attali
1650 572 1778 635 regis
1809 570 1898 619 fra-

388 648 482 703 ter,
517 642 596 704 qui
615 639 888 688 Eumeniam
917 641 963 688 in
981 639 1181 704 Phrygia
1214 641 1434 689 condidit.
1478 658 1504 689 1.
1530 639 1654 689 milia
1675 639 1898 703 peditum,

391 729 439 759 ιιι
462 710 669 774 equitum
690 723 748 757 eo
777 710 1028 758 certamine
1051 724 1111 758 ex
1137 717 1266 773 parte
1290 711 1420 773 regis
1441 711 1601 758 occisa
1630 717 1751 758 sunt.
1785 708 1900 756 Tum

389 794 474 828 rex
505 778 765 827 Antiochus
803 793 966 842 pacem
995 780 1143 842 petiit.
1201 778 1373 828 Iisdem
1410 778 1764 828 condicionibus
1796 777 1901 826 data

391 855 465 897 est
488 863 515 896 a
546 854 734 910 senatu,
771 862 1032 912 quanquam
1066 850 1218 910 victe,
1260 849 1428 913 quibus
1456 855 1561 898 ante
1592 848 1899 898 offerebatur:

389 926 444 967 ut
471 934 535 967 ex
554 915 767 981 Europa
793 925 839 967 et
862 915 989 968 Asia
1013 920 1301 981 recederet,
1336 925 1488 982 atque
1511 919 1648 968 intra
1677 916 1901 968 Taurum

387 1003 443 1037 se
463 989 767 1042 nominer-em
807 1001 840 1035 x
863 987 1003 1036 milia
1031 988 1330 1037 talentorum
1357 995 1405 1037 et
1427 1001 1490 1036 xx
1518 987 1720 1037 obsides
1739 1002 1899 1051 prae-

388 1057 557 1112 beret;
586 1054 936 1117 Hannibalem,
962 1057 1263 1106 concitorem
1282 1057 1414 1118 belli,
1439 1055 1665 1106 dederet.
1703 1053 1900 1104 Eumeni

386 1126 489 1187 regi
517 1124 713 1172 donatae
734 1131 839 1172 sunt
861 1137 1022 1172 omnes
1042 1124 1184 1173 Asiae
1215 1125 1454 1187 civitates,
1498 1139 1613 1189 quas
1642 1123 1900 1173 Antiochus

385 1192 513 1243 bello
537 1193 818 1257 perdiderat.
866 1193 926 1241 Et
944 1193 1159 1257 Rhodiis,
1199 1195 1279 1258 qui
1304 1193 1522 1244 auxilium
1542 1193 1765 1242 Romanis
1789 1208 1899 1243 con·

386 1271 453 1311 tra
485 1278 646 1326 regem
669 1260 951 1311 Antiochum
992 1261 1219 1325 tulerant,
1265 1262 1436 1313 multae
1466 1263 1607 1312 urbes
1637 1277 1899 1312 concessae

385 1340 504 1380 sunt.
557 1332 720 1395 Scipio
749 1331 943 1381 Romam
982 1332 1145 1395 rediit,
1191 1334 1369 1396 ingenti
1403 1332 1554 1396 gloria
1583 1333 1895 1397 triumphavit.

385 1401 568 1450 Nomen
595 1409 642 1449 et
665 1403 771 1465 ipse
799 1401 857 1451 ad
886 1403 1191 1452 imitationem
1225 1402 1378 1450 fratris
1405 1402 1656 1467 Asiagenis
1691 1403 1894 1466 accepit,

386 1472 494 1535 quia
531 1469 690 1518 Asiam
727 1472 929 1532 vicerat,
968 1473 1089 1520 sicut
1127 1471 1270 1520 frater
1294 1473 1444 1535 ipsius
1475 1479 1669 1535 propter
1691 1471 1897 1519 Africam

387 1540 602 1588 domitam
621 1539 868 1588 Africanus
896 1541 1234 1604 appellabatur.

286 1624 378 1661 AM.
497 1610 582 1657 CA
595 1626 639 1657 P.
662 1609 720 1656 V.
751 1610 920 1673 Spurio
942 1609 1178 1658 Postumio
1190 1609 1381 1672 Albino,
1407 1608 1466 1669 Q.
1483 1609 1660 1659 Marcio
1680 1609 1890 1674 Philippo

299 1680 515 1727 566·cOSS.
554 1678 615 1726 M.
643 1678 834 1726 Fulvius
871 1678 928 1726 de
955 1678 1138 1727 Aetolis
1164 1680 1475 1745 triumphavit.
1523 1678 1776 1742 Hannibal,
1818 1679 1896 1743 qui

382 1749 507 1796 victo
529 1747 789 1809 Antioche,
826 1763 885 1796 ne
904 1748 1124 1796 Romanis
1149 1748 1433 1811 traderetur,
1469 1748 1527 1797 ad
1555 1748 1785 1810 Prusiam,
1821 1748 1895 1796 Bi·

382 1817 568 1878 thyniae
587 1831 775 1880 regem,
815 1816 1024 1879 fugerat,
1066 1818 1294 1880 repetitus
1315 1818 1453 1866 etiam
1482 1817 1538 1865 ab
1562 1831 1620 1865 eo
1642 1825 1715 1865 est
1735 1830 1821 1880 per
1840 1816 1893 1865 T.

384 1885 650 1945 Quinctium
670 1884 987 1934 Flamininum.
1025 1884 1086 1933 Et
1115 1900 1217 1933 cum
1237 1885 1483 1934 tradendus
1504 1885 1725 1935 Romanis
1748 1891 1893 1948 esset,

387 1970 612 2003 venenum
642 1955 759 2003 bibit
787 1961 835 2002 et
863 1954 985 2018 apud
1019 1953 1260 2015 Libyssam
1288 1957 1333 2003 in
1368 1955 1533 2003 finibus
1564 1954 1889 2004 Nicomedien-

385 2025 504 2071 sium
525 2023 739 2086 sepultus
766 2030 855 2070 est.

491 2090 627 2141 ΕΑΓ.
656 2091 735 2140 VI.
767 2090 903 2156 (ΙΙΙ.)
953 2091 1169 2156 Philippo
1198 2108 1313 2156 rege
1347 2091 1652 2142 Macedoniae
1688 2100 1890 2155 mortue,

385 2163 463 2226 qui
491 2169 538 2210 et
556 2161 802 2210 adversum
828 2161 1064 2209 Romanos
1088 2161 1261 2210 bellum
1280 2170 1513 2225 gesserat,
1538 2169 1585 2210 et
1610 2170 1777 2226 postea
1796 2162 1890 2211 Ro-

381 2232 527 2279 manis
555 2238 715 2279 contra
733 2229 1012 2279 Antiochum
1036 2230 1254 2279 auxilium
1282 2229 1477 2293 tulerat,
1505 2230 1626 2279 filius
1660 2233 1761 2280 eius
1783 2230 1873 2280 Per

382 2315 493 2349 seus
514 2302 560 2348 in
579 2299 854 2348 Macedonia
879 2299 1125 2348 rebellavit
1149 2300 1417 2363 ingentibus
1446 2301 1599 2364 copiis
1632 2300 1691 2351 ad
1718 2301 1892 2350 bellum

383 2370 571 2433 paratis.
600 2368 716 2418 Nam
733 2368 969 2417 adiutores
988 2369 1187 2418 habehat
1205 2367 1378 2434 Cotyn,
1397 2368 1622 2419 Thraciae
1642 2385 1820 2433 regem,
1844 2377 1892 2419 et

381 2438 576 2503 Illyrici,
597 2437 809 2487 Gentium
827 2439 1027 2486 nomine.
1066 2437 1284 2486 Romanis
1300 2446 1452 2487 autem
1472 2441 1517 2487 in
1529 2439 1747 2489 auxilium
1762 2441 1891 2489 erant

382 2506 643 2570 Eumenes,
672 2506 815 2555 Asiae
839 2522 939 2569 rex,
969 2506 1236 2556 Ariarathes
1257 2506 1605 2572 Cappadociae,
1627 2508 1888 2558 Antiochus

384 2576 570 2641 Syriae,
586 2575 879 2625 Ptolemaeus
889 2575 1116 2642 Aegypti,
1138 2575 1382 2626 Masinissa
1402 2576 1662 2628 Numidiae.
1701 2576 1887 2627 Prusias

383 2653 538 2694 autem
561 2645 833 2710 Bithyniae,
876 2660 1134 2711 quanquam
1162 2661 1372 2695 sororem
1399 2645 1559 2696 Persei
1587 2662 1779 2697 uxorem
1805 2647 1884 2696 ha-

272 2732 362 2766 mo.
382 2714 540 2778 beret,
581 2716 791 2780 utrisque
829 2730 884 2764 se
919 2730 1118 2780 aequum
1151 2716 1378 2780 praebuit.
1443 2717 1550 2766 Dux
1573 2717 1885 2766 Romanorum

284 2789 360 2823 ⁵8¹·
385 2783 434 2832 P.
457 2783 659 2833 Licinius
687 2783 852 2833 consul
873 2792 1032 2835 contra
1062 2800 1167 2834 eum
1191 2787 1361 2835 missus
1387 2794 1459 2835 est
1491 2794 1537 2835 et
1557 2802 1582 2836 a
1602 2800 1718 2849 rege
1749 2786 1881 2849 gravi
