<?xml version="1.0" encoding="UTF-8"?>
<!DOCTYPE html PUBLIC "-//W3C//DTD XHTML 1.0 Transitional//EN"
    "http://www.w3.org/TR/xhtml1/DTD/xhtml1-transitional.dtd">
<html xmlns="http://www.w3.org/1999/xhtml" xml:lang="en" lang="en">
 <head>
  <title>
</title>
<meta http-equiv="Content-Type" content="text/html;charset=utf-8" />
  <meta name='ocr-system' content='tesseract 3.04.00' />
  <meta name='ocr-capabilities' content='ocr_page ocr_carea ocr_par ocr_line ocrx_word'/>
</head>
<body>
  <div class='ocr_page' id='page_1' title='image "./breviariumhistor00eutruoft_0023.png"; bbox 0 0 2026 3238; ppageno 0'>
   <div class='ocr_carea' id='block_1_1' title="bbox 802 188 1714 239">
    <p class='ocr_par' dir='ltr' id='par_1_1' title="bbox 802 188 1714 239">
     <span class='ocr_line' id='line_1_1' title="bbox 802 188 1714 239; baseline 0.004 -4"><span class='ocrx_word' id='word_1_1' title='bbox 802 190 1024 236; x_wconf 81' lang='lat' dir='ltr'>LIBER</span> <span class='ocrx_word' id='word_1_2' title='bbox 1073 191 1119 237; x_wconf 85' lang='lat'><strong>11.</strong></span> <span class='ocrx_word' id='word_1_3' title='bbox 1655 188 1714 239; x_wconf 85' lang='lat' dir='ltr'><strong>ll</strong></span> 
     </span>
    </p>
   </div>
   <div class='ocr_carea' id='block_1_2' title="bbox 195 324 1827 2875">
    <p class='ocr_par' dir='ltr' id='par_1_2' title="bbox 199 324 1716 791">
     <span class='ocr_line' id='line_1_2' title="bbox 202 324 1716 389; baseline -0.001 -14"><span class='ocrx_word' id='word_1_4' title='bbox 202 333 305 389; x_wconf 86' lang='lat' dir='ltr'><strong>tus,</strong></span> <span class='ocrx_word' id='word_1_5' title='bbox 346 339 517 374; x_wconf 85' lang='lat' dir='ltr'><strong>corvus</strong></span> <span class='ocrx_word' id='word_1_6' title='bbox 539 326 583 374; x_wconf 92' lang='lat' dir='ltr'><strong>ei</strong></span> <span class='ocrx_word' id='word_1_7' title='bbox 607 338 747 389; x_wconf 89' lang='lat' dir='ltr'><strong>supra</strong></span> <span class='ocrx_word' id='word_1_8' title='bbox 766 324 974 374; x_wconf 86' lang='lat' dir='ltr'><strong>dextrum</strong></span> <span class='ocrx_word' id='word_1_9' title='bbox 994 326 1231 376; x_wconf 81' lang='lat' dir='ltr'>brachium</span> <span class='ocrx_word' id='word_1_10' title='bbox 1261 325 1397 376; x_wconf 90' lang='lat' dir='ltr'><strong>sedit.</strong></span> <span class='ocrx_word' id='word_1_11' title='bbox 1448 325 1560 375; x_wconf 83' lang='lat' dir='ltr'><strong>Mox</strong></span> <span class='ocrx_word' id='word_1_12' title='bbox 1589 340 1716 375; x_wconf 91' lang='lat' dir='ltr'><strong>com·</strong></span> 
     </span>
     <span class='ocr_line' id='line_1_3' title="bbox 202 392 1715 459; baseline -0.001 -15"><span class='ocrx_word' id='word_1_13' title='bbox 202 396 343 444; x_wconf 87' lang='lat' dir='ltr'><strong>missa</strong></span> <span class='ocrx_word' id='word_1_14' title='bbox 363 394 588 445; x_wconf 86' lang='lat' dir='ltr'><strong>adversus</strong></span> <span class='ocrx_word' id='word_1_15' title='bbox 610 392 790 443; x_wconf 88' lang='lat' dir='ltr'><strong>Gallum</strong></span> <span class='ocrx_word' id='word_1_16' title='bbox 818 408 974 458; x_wconf 82' lang='lat' dir='ltr'><strong>pugna</strong></span> <span class='ocrx_word' id='word_1_17' title='bbox 996 394 1119 444; x_wconf 90' lang='lat' dir='ltr'><strong>idem</strong></span> <span class='ocrx_word' id='word_1_18' title='bbox 1145 409 1318 444; x_wconf 85' lang='lat' dir='ltr'><strong>corvus</strong></span> <span class='ocrx_word' id='word_1_19' title='bbox 1350 394 1437 444; x_wconf 91' lang='lat' dir='ltr'><strong>alis</strong></span> <span class='ocrx_word' id='word_1_20' title='bbox 1476 402 1524 443; x_wconf 90' lang='lat' dir='ltr'><strong>et</strong></span> <span class='ocrx_word' id='word_1_21' title='bbox 1551 397 1715 459; x_wconf 82' lang='lat' dir='ltr'><strong>ungui·</strong></span> 
     </span>
     <span class='ocr_line' id='line_1_4' title="bbox 201 462 1714 528; baseline 0.001 -14"><span class='ocrx_word' id='word_1_22' title='bbox 201 465 289 514; x_wconf 88' lang='lat' dir='ltr'><strong>bus</strong></span> <span class='ocrx_word' id='word_1_23' title='bbox 310 462 428 513; x_wconf 86' lang='lat' dir='ltr'><strong>Galli</strong></span> <span class='ocrx_word' id='word_1_24' title='bbox 457 463 623 512; x_wconf 90' lang='lat' dir='ltr'><strong>oculos</strong></span> <span class='ocrx_word' id='word_1_25' title='bbox 642 463 931 526; x_wconf 81' lang='lat' dir='ltr'><strong>verberavit,</strong></span> <span class='ocrx_word' id='word_1_26' title='bbox 971 479 1030 513; x_wconf 91' lang='lat' dir='ltr'><strong>ne</strong></span> <span class='ocrx_word' id='word_1_27' title='bbox 1059 471 1237 514; x_wconf 90' lang='lat' dir='ltr'><strong>rectum</strong></span> <span class='ocrx_word' id='word_1_28' title='bbox 1258 471 1423 528; x_wconf 90' lang='lat' dir='ltr'><strong>posset</strong></span> <span class='ocrx_word' id='word_1_29' title='bbox 1451 463 1714 528; x_wconf 79' lang='lat' dir='ltr'>adspicere.</span> 
     </span>
     <span class='ocr_line' id='line_1_5' title="bbox 200 532 1714 595; baseline -0.001 -12"><span class='ocrx_word' id='word_1_30' title='bbox 200 533 270 584; x_wconf 87' lang='lat' dir='ltr'><strong>Ita</strong></span> <span class='ocrx_word' id='word_1_31' title='bbox 298 549 323 582; x_wconf 90' lang='lat' dir='ltr'><strong>a</strong></span> <span class='ocrx_word' id='word_1_32' title='bbox 353 533 536 582; x_wconf 89' lang='lat' dir='ltr'><strong>tribuno</strong></span> <span class='ocrx_word' id='word_1_33' title='bbox 556 532 746 581; x_wconf 90' lang='lat' dir='ltr'><strong>Valerio</strong></span> <span class='ocrx_word' id='word_1_34' title='bbox 778 533 1053 583; x_wconf 81' lang='lat' dir='ltr'><strong>interfectus</strong></span> <span class='ocrx_word' id='word_1_35' title='bbox 1084 548 1177 583; x_wconf 91' lang='lat' dir='ltr'><strong>non</strong></span> <span class='ocrx_word' id='word_1_36' title='bbox 1204 533 1354 583; x_wconf 88' lang='lat' dir='ltr'><strong>solum</strong></span> <span class='ocrx_word' id='word_1_37' title='bbox 1380 534 1624 582; x_wconf 87' lang='lat' dir='ltr'><strong>victoriam</strong></span> <span class='ocrx_word' id='word_1_38' title='bbox 1653 535 1714 595; x_wconf 91' lang='lat' dir='ltr'><strong>ei,</strong></span> 
     </span>
     <span class='ocr_line' id='line_1_6' title="bbox 202 601 1716 667; baseline -0.001 -14"><span class='ocrx_word' id='word_1_39' title='bbox 202 602 288 653; x_wconf 85' lang='lat' dir='ltr'><strong>sed</strong></span> <span class='ocrx_word' id='word_1_40' title='bbox 309 604 445 651; x_wconf 90' lang='lat' dir='ltr'><strong>etiam</strong></span> <span class='ocrx_word' id='word_1_41' title='bbox 465 616 636 650; x_wconf 90' lang='lat' dir='ltr'><strong>nomen</strong></span> <span class='ocrx_word' id='word_1_42' title='bbox 656 601 797 653; x_wconf 81' lang='lat' dir='ltr'>dedit.</span> <span class='ocrx_word' id='word_1_43' title='bbox 852 601 967 652; x_wconf 91' lang='lat' dir='ltr'><strong>Nam</strong></span> <span class='ocrx_word' id='word_1_44' title='bbox 990 611 1155 667; x_wconf 90' lang='lat' dir='ltr'><strong>postea</strong></span> <span class='ocrx_word' id='word_1_45' title='bbox 1181 602 1304 653; x_wconf 88' lang='lat' dir='ltr'><strong>idem</strong></span> <span class='ocrx_word' id='word_1_46' title='bbox 1324 602 1509 653; x_wconf 82' lang='lat' dir='ltr'><strong>Corvus</strong></span> <span class='ocrx_word' id='word_1_47' title='bbox 1540 610 1613 652; x_wconf 88' lang='lat' dir='ltr'><strong>est</strong></span> <span class='ocrx_word' id='word_1_48' title='bbox 1650 602 1716 651; x_wconf 91' lang='lat' dir='ltr'><strong>di-</strong></span> 
     </span>
     <span class='ocr_line' id='line_1_7' title="bbox 201 670 1716 736; baseline -0.001 -14"><span class='ocrx_word' id='word_1_49' title='bbox 201 681 318 722; x_wconf 86' lang='lat' dir='ltr'><strong>ctus.</strong></span> <span class='ocrx_word' id='word_1_50' title='bbox 365 670 438 721; x_wconf 79' lang='lat' dir='ltr'><strong>Ac</strong></span> <span class='ocrx_word' id='word_1_51' title='bbox 469 678 663 736; x_wconf 87' lang='lat' dir='ltr'><strong>propter</strong></span> <span class='ocrx_word' id='word_1_52' title='bbox 690 671 783 721; x_wconf 88' lang='lat' dir='ltr'><strong>hoc</strong></span> <span class='ocrx_word' id='word_1_53' title='bbox 815 674 1026 722; x_wconf 87' lang='lat' dir='ltr'><strong>meritum</strong></span> <span class='ocrx_word' id='word_1_54' title='bbox 1056 687 1278 723; x_wconf 90' lang='lat' dir='ltr'><strong>annorum</strong></span> <span class='ocrx_word' id='word_1_55' title='bbox 1311 674 1447 722; x_wconf 90' lang='lat' dir='ltr'><strong>trium</strong></span> <span class='ocrx_word' id='word_1_56' title='bbox 1479 679 1527 722; x_wconf 91' lang='lat' dir='ltr'><strong>et</strong></span> <span class='ocrx_word' id='word_1_57' title='bbox 1552 673 1716 736; x_wconf 85' lang='lat' dir='ltr'><strong>viginti</strong></span> 
     </span>
     <span class='ocr_line' id='line_1_8' title="bbox 199 740 648 791; baseline -0.007 1"><span class='ocrx_word' id='word_1_58' title='bbox 199 740 365 791; x_wconf 87' lang='lat' dir='ltr'><strong>consul</strong></span> <span class='ocrx_word' id='word_1_59' title='bbox 387 748 460 790; x_wconf 91' lang='lat' dir='ltr'><strong>est</strong></span> <span class='ocrx_word' id='word_1_60' title='bbox 481 741 648 790; x_wconf 83' lang='lat' dir='ltr'><strong>factus.</strong></span> 
     </span>
    </p>

    <p class='ocr_par' dir='ltr' id='par_1_3' title="bbox 198 809 1826 1349">
     <span class='ocr_line' id='line_1_9' title="bbox 311 809 1823 876; baseline -0.003 -16"><span class='ocrx_word' id='word_1_61' title='bbox 311 811 396 860; x_wconf 58' lang='lat' dir='ltr'><strong>cx</strong></span> <span class='ocrx_word' id='word_1_62' title='bbox 409 827 451 861; x_wconf 83' lang='lat' dir='ltr'><strong>P.</strong></span> <span class='ocrx_word' id='word_1_63' title='bbox 471 809 573 862; x_wconf 87' lang='lat' dir='ltr'><strong>VII.</strong></span> <span class='ocrx_word' id='word_1_64' title='bbox 610 809 774 873; x_wconf 89' lang='lat' dir='ltr'><strong>Latini,</strong></span> <span class='ocrx_word' id='word_1_65' title='bbox 798 812 876 875; x_wconf 83' lang='lat' dir='ltr'><strong>qui</strong></span> <span class='ocrx_word' id='word_1_66' title='bbox 897 810 1139 860; x_wconf 82' lang='lat' dir='ltr'><strong>noluerant</strong></span> <span class='ocrx_word' id='word_1_67' title='bbox 1159 811 1328 860; x_wconf 81' lang='lat' dir='ltr'><strong>milites</strong></span> <span class='ocrx_word' id='word_1_68' title='bbox 1343 811 1471 874; x_wconf 91' lang='lat' dir='ltr'><strong>dare,</strong></span> <span class='ocrx_word' id='word_1_69' title='bbox 1494 812 1586 861; x_wconf 90' lang='lat' dir='ltr'><strong>hoc</strong></span> <span class='ocrx_word' id='word_1_70' title='bbox 1599 826 1714 876; x_wconf 87' lang='lat' dir='ltr'><strong>quo·</strong></span> <span class='ocrx_word' id='word_1_71' title='bbox 1738 822 1823 856; x_wconf 46' lang='lat' dir='ltr'><strong>mu</strong></span> 
     </span>
     <span class='ocr_line' id='line_1_10' title="bbox 198 878 1808 946; baseline 0 -17"><span class='ocrx_word' id='word_1_72' title='bbox 198 895 291 946; x_wconf 91' lang='lat' dir='ltr'><strong>que</strong></span> <span class='ocrx_word' id='word_1_73' title='bbox 310 896 336 930; x_wconf 93' lang='lat' dir='ltr'><strong>a</strong></span> <span class='ocrx_word' id='word_1_74' title='bbox 362 879 583 929; x_wconf 87' lang='lat' dir='ltr'><strong>Romanis</strong></span> <span class='ocrx_word' id='word_1_75' title='bbox 605 882 798 944; x_wconf 81' lang='lat' dir='ltr'><strong>exigere</strong></span> <span class='ocrx_word' id='word_1_76' title='bbox 822 888 1106 945; x_wconf 88' lang='lat' dir='ltr'><strong>coeperunt,</strong></span> <span class='ocrx_word' id='word_1_77' title='bbox 1147 888 1196 930; x_wconf 91' lang='lat' dir='ltr'><strong>ut</strong></span> <span class='ocrx_word' id='word_1_78' title='bbox 1215 896 1333 930; x_wconf 87' lang='lat' dir='ltr'><strong>unus</strong></span> <span class='ocrx_word' id='word_1_79' title='bbox 1353 881 1518 931; x_wconf 89' lang='lat' dir='ltr'><strong>consul</strong></span> <span class='ocrx_word' id='word_1_80' title='bbox 1548 896 1609 930; x_wconf 89' lang='lat' dir='ltr'><strong>ex</strong></span> <span class='ocrx_word' id='word_1_81' title='bbox 1632 895 1713 930; x_wconf 90' lang='lat' dir='ltr'><strong>eo·</strong></span> <span class='ocrx_word' id='word_1_82' title='bbox 1735 878 1808 914; x_wconf 81' lang='lat'><strong>⁴¹⁵·</strong></span> 
     </span>
     <span class='ocr_line' id='line_1_11' title="bbox 198 949 1716 1014; baseline -0.001 -14"><span class='ocrx_word' id='word_1_83' title='bbox 198 965 323 1014; x_wconf 86' lang='lat' dir='ltr'><strong>rum,</strong></span> <span class='ocrx_word' id='word_1_84' title='bbox 357 949 475 1000; x_wconf 89' lang='lat' dir='ltr'><strong>alter</strong></span> <span class='ocrx_word' id='word_1_85' title='bbox 503 965 564 1000; x_wconf 87' lang='lat' dir='ltr'><strong>ex</strong></span> <span class='ocrx_word' id='word_1_86' title='bbox 591 950 906 999; x_wconf 85' lang='lat' dir='ltr'><strong>Romanorum</strong></span> <span class='ocrx_word' id='word_1_87' title='bbox 938 950 1119 1014; x_wconf 90' lang='lat' dir='ltr'><strong>populo</strong></span> <span class='ocrx_word' id='word_1_88' title='bbox 1151 957 1401 1001; x_wconf 82' lang='lat' dir='ltr'><strong>crearetur.</strong></span> <span class='ocrx_word' id='word_1_89' title='bbox 1451 949 1591 1011; x_wconf 90' lang='lat' dir='ltr'><strong>Quod</strong></span> <span class='ocrx_word' id='word_1_90' title='bbox 1611 965 1716 999; x_wconf 90' lang='lat' dir='ltr'><strong>cum</strong></span> 
     </span>
     <span class='ocr_line' id='line_1_12' title="bbox 199 1019 1714 1084; baseline -0.001 -15"><span class='ocrx_word' id='word_1_91' title='bbox 199 1026 329 1069; x_wconf 89' lang='lat' dir='ltr'><strong>esset</strong></span> <span class='ocrx_word' id='word_1_92' title='bbox 347 1027 592 1084; x_wconf 87' lang='lat' dir='ltr'><strong>negatum,</strong></span> <span class='ocrx_word' id='word_1_93' title='bbox 623 1019 798 1068; x_wconf 85' lang='lat' dir='ltr'><strong>bellum</strong></span> <span class='ocrx_word' id='word_1_94' title='bbox 823 1027 986 1069; x_wconf 87' lang='lat' dir='ltr'><strong>contra</strong></span> <span class='ocrx_word' id='word_1_95' title='bbox 1014 1034 1100 1069; x_wconf 86' lang='lat' dir='ltr'><strong>eos</strong></span> <span class='ocrx_word' id='word_1_96' title='bbox 1133 1028 1406 1084; x_wconf 86' lang='lat' dir='ltr'><strong>susceptum</strong></span> <span class='ocrx_word' id='word_1_97' title='bbox 1434 1028 1534 1082; x_wconf 88' lang='lat' dir='ltr'><strong>est,</strong></span> <span class='ocrx_word' id='word_1_98' title='bbox 1575 1027 1622 1068; x_wconf 87' lang='lat' dir='ltr'><strong>et</strong></span> <span class='ocrx_word' id='word_1_99' title='bbox 1647 1021 1714 1068; x_wconf 89' lang='lat' dir='ltr'><strong>in·</strong></span> 
     </span>
     <span class='ocr_line' id='line_1_13' title="bbox 198 1089 1714 1154; baseline 0 -16"><span class='ocrx_word' id='word_1_100' title='bbox 198 1089 327 1154; x_wconf 85' lang='lat' dir='ltr'><strong>genti</strong></span> <span class='ocrx_word' id='word_1_101' title='bbox 362 1104 517 1154; x_wconf 79' lang='lat' dir='ltr'><strong>pugna</strong></span> <span class='ocrx_word' id='word_1_102' title='bbox 550 1090 757 1153; x_wconf 86' lang='lat' dir='ltr'><strong>superati</strong></span> <span class='ocrx_word' id='word_1_103' title='bbox 788 1097 924 1144; x_wconf 81' lang='lat' dir='ltr'><strong>sunt:</strong></span> <span class='ocrx_word' id='word_1_104' title='bbox 969 1104 1026 1138; x_wconf 92' lang='lat' dir='ltr'><strong>ac</strong></span> <span class='ocrx_word' id='word_1_105' title='bbox 1053 1089 1113 1138; x_wconf 92' lang='lat' dir='ltr'><strong>de</strong></span> <span class='ocrx_word' id='word_1_106' title='bbox 1143 1091 1215 1139; x_wconf 86' lang='lat' dir='ltr'><strong>his</strong></span> <span class='ocrx_word' id='word_1_107' title='bbox 1250 1089 1524 1153; x_wconf 81' lang='lat' dir='ltr'><strong>perdomitis</strong></span> <span class='ocrx_word' id='word_1_108' title='bbox 1558 1091 1714 1138; x_wconf 92' lang='lat' dir='ltr'><strong>trium-</strong></span> 
     </span>
     <span class='ocr_line' id='line_1_14' title="bbox 201 1158 1826 1222; baseline -0.001 -14"><span class='ocrx_word' id='word_1_109' title='bbox 201 1159 387 1222; x_wconf 89' lang='lat' dir='ltr'><strong>phatum</strong></span> <span class='ocrx_word' id='word_1_110' title='bbox 404 1165 494 1207; x_wconf 91' lang='lat' dir='ltr'><strong>est.</strong></span> <span class='ocrx_word' id='word_1_111' title='bbox 550 1158 741 1207; x_wconf 89' lang='lat' dir='ltr'><strong>Statuae</strong></span> <span class='ocrx_word' id='word_1_112' title='bbox 765 1158 1038 1207; x_wconf 85' lang='lat' dir='ltr'><strong>consulibus</strong></span> <span class='ocrx_word' id='word_1_113' title='bbox 1070 1160 1131 1208; x_wconf 89' lang='lat' dir='ltr'><strong>ob</strong></span> <span class='ocrx_word' id='word_1_114' title='bbox 1162 1161 1376 1208; x_wconf 90' lang='lat' dir='ltr'><strong>meritum</strong></span> <span class='ocrx_word' id='word_1_115' title='bbox 1405 1161 1633 1208; x_wconf 87' lang='lat' dir='ltr'><strong>victoriae</strong></span> <span class='ocrx_word' id='word_1_116' title='bbox 1667 1160 1714 1207; x_wconf 87' lang='lat' dir='ltr'><strong>in</strong></span> <span class='ocrx_word' id='word_1_117' title='bbox 1738 1165 1826 1199; x_wconf 77' lang='lat' dir='ltr'><strong>A-U·</strong></span> 
     </span>
     <span class='ocr_line' id='line_1_15' title="bbox 199 1224 1810 1291; baseline 0 -15"><span class='ocrx_word' id='word_1_118' title='bbox 199 1227 383 1277; x_wconf 76' lang='lat' dir='ltr'><strong>Rostris</strong></span> <span class='ocrx_word' id='word_1_119' title='bbox 404 1229 590 1291; x_wconf 85' lang='lat' dir='ltr'><strong>positae</strong></span> <span class='ocrx_word' id='word_1_120' title='bbox 621 1235 741 1279; x_wconf 89' lang='lat' dir='ltr'><strong>sunt.</strong></span> <span class='ocrx_word' id='word_1_121' title='bbox 804 1227 893 1291; x_wconf 85' lang='lat' dir='ltr'><strong>[Eo</strong></span> <span class='ocrx_word' id='word_1_122' title='bbox 914 1243 1034 1277; x_wconf 92' lang='lat' dir='ltr'><strong>anno</strong></span> <span class='ocrx_word' id='word_1_123' title='bbox 1055 1231 1194 1278; x_wconf 90' lang='lat' dir='ltr'><strong>etiam</strong></span> <span class='ocrx_word' id='word_1_124' title='bbox 1214 1227 1495 1277; x_wconf 81' lang='lat' dir='ltr'><strong>Alexandria</strong></span> <span class='ocrx_word' id='word_1_125' title='bbox 1527 1229 1584 1277; x_wconf 89' lang='lat' dir='ltr'><strong>ab</strong></span> <span class='ocrx_word' id='word_1_126' title='bbox 1605 1227 1714 1276; x_wconf 85' lang='lat' dir='ltr'><strong>Ale·</strong></span> <span class='ocrx_word' id='word_1_127' title='bbox 1737 1224 1810 1256; x_wconf 79' lang='lat'><strong>⁴¹⁷·</strong></span> 
     </span>
     <span class='ocr_line' id='line_1_16' title="bbox 199 1296 979 1349; baseline -0.001 -1"><span class='ocrx_word' id='word_1_128' title='bbox 199 1296 373 1349; x_wconf 86' lang='lat' dir='ltr'><strong>xandro</strong></span> <span class='ocrx_word' id='word_1_129' title='bbox 394 1296 656 1346; x_wconf 87' lang='lat' dir='ltr'><strong>Macedone</strong></span> <span class='ocrx_word' id='word_1_130' title='bbox 678 1296 866 1346; x_wconf 88' lang='lat' dir='ltr'><strong>condita</strong></span> <span class='ocrx_word' id='word_1_131' title='bbox 891 1305 979 1347; x_wconf 89' lang='lat' dir='ltr'><strong>est.</strong></span> 
     </span>
    </p>

    <p class='ocr_par' dir='ltr' id='par_1_4' title="bbox 296 1364 1717 1431">
     <span class='ocr_line' id='line_1_17' title="bbox 296 1364 1717 1431; baseline -0.001 -15"><span class='ocrx_word' id='word_1_132' title='bbox 296 1367 379 1416; x_wconf 59' lang='lat' dir='ltr'><strong>CA</strong></span> <span class='ocrx_word' id='word_1_133' title='bbox 391 1384 434 1415; x_wconf 74' lang='grc' dir='ltr'><strong>ι».</strong></span> <span class='ocrx_word' id='word_1_134' title='bbox 454 1364 580 1419; x_wconf 92' lang='lat' dir='ltr'>v111.</span> <span class='ocrx_word' id='word_1_135' title='bbox 619 1365 715 1416; x_wconf 91' lang='lat' dir='ltr'><strong>Iam</strong></span> <span class='ocrx_word' id='word_1_136' title='bbox 729 1366 1158 1430; x_wconf 88' lang='lat' dir='ltr'><strong>Romanipotentes</strong></span> <span class='ocrx_word' id='word_1_137' title='bbox 1173 1382 1282 1416; x_wconf 86' lang='lat' dir='ltr'><strong>esse</strong></span> <span class='ocrx_word' id='word_1_138' title='bbox 1295 1374 1572 1431; x_wconf 89' lang='lat' dir='ltr'><strong>coeperunt.</strong></span> <span class='ocrx_word' id='word_1_139' title='bbox 1612 1366 1717 1414; x_wconf 91' lang='lat' dir='ltr'><strong>Bel-</strong></span> 
     </span>
    </p>

    <p class='ocr_par' dir='ltr' id='par_1_5' title="bbox 196 1432 1827 2184">
     <span class='ocr_line' id='line_1_18' title="bbox 199 1432 1717 1500; baseline -0.001 -15"><span class='ocrx_word' id='word_1_140' title='bbox 199 1436 293 1485; x_wconf 88' lang='lat' dir='ltr'><strong>lum</strong></span> <span class='ocrx_word' id='word_1_141' title='bbox 317 1437 440 1486; x_wconf 91' lang='lat' dir='ltr'><strong>enim</strong></span> <span class='ocrx_word' id='word_1_142' title='bbox 461 1438 508 1485; x_wconf 91' lang='lat' dir='ltr'><strong>in</strong></span> <span class='ocrx_word' id='word_1_143' title='bbox 528 1432 788 1486; x_wconf 84' lang='lat' dir='ltr'><strong>centesimo</strong></span> <span class='ocrx_word' id='word_1_144' title='bbox 809 1444 856 1485; x_wconf 90' lang='lat' dir='ltr'><strong>et</strong></span> <span class='ocrx_word' id='word_1_145' title='bbox 874 1438 1116 1485; x_wconf 89' lang='lat' dir='ltr'><strong>tricesimo</strong></span> <span class='ocrx_word' id='word_1_146' title='bbox 1140 1436 1241 1486; x_wconf 82' lang='lat' dir='ltr'><strong>fere</strong></span> <span class='ocrx_word' id='word_1_147' title='bbox 1259 1437 1457 1487; x_wconf 89' lang='lat' dir='ltr'><strong>miliario</strong></span> <span class='ocrx_word' id='word_1_148' title='bbox 1490 1436 1614 1500; x_wconf 91' lang='lat' dir='ltr'><strong>apud</strong></span> <span class='ocrx_word' id='word_1_149' title='bbox 1636 1436 1717 1484; x_wconf 89' lang='lat' dir='ltr'><strong>Sa·</strong></span> 
     </span>
     <span class='ocr_line' id='line_1_19' title="bbox 197 1505 1714 1571; baseline -0.001 -16"><span class='ocrx_word' id='word_1_150' title='bbox 197 1507 362 1556; x_wconf 91' lang='lat' dir='ltr'><strong>mnitas</strong></span> <span class='ocrx_word' id='word_1_151' title='bbox 381 1506 657 1571; x_wconf 72' lang='lat' dir='ltr'><strong>gerebatur,</strong></span> <span class='ocrx_word' id='word_1_152' title='bbox 698 1508 777 1571; x_wconf 89' lang='lat' dir='ltr'><strong>qui</strong></span> <span class='ocrx_word' id='word_1_153' title='bbox 806 1506 945 1555; x_wconf 90' lang='lat' dir='ltr'><strong>medii</strong></span> <span class='ocrx_word' id='word_1_154' title='bbox 982 1514 1087 1555; x_wconf 89' lang='lat' dir='ltr'><strong>sunt</strong></span> <span class='ocrx_word' id='word_1_155' title='bbox 1120 1508 1240 1555; x_wconf 91' lang='lat' dir='ltr'><strong>inter</strong></span> <span class='ocrx_word' id='word_1_156' title='bbox 1258 1506 1496 1569; x_wconf 82' lang='lat' dir='ltr'><strong>Picenum,</strong></span> <span class='ocrx_word' id='word_1_157' title='bbox 1521 1505 1714 1569; x_wconf 88' lang='lat' dir='ltr'><strong>Campa-</strong></span> 
     </span>
     <span class='ocr_line' id='line_1_20' title="bbox 197 1574 1827 1640; baseline -0.002 -16"><span class='ocrx_word' id='word_1_158' title='bbox 197 1578 334 1638; x_wconf 88' lang='lat' dir='ltr'><strong>niam,</strong></span> <span class='ocrx_word' id='word_1_159' title='bbox 355 1583 402 1625; x_wconf 89' lang='lat' dir='ltr'><strong>et</strong></span> <span class='ocrx_word' id='word_1_160' title='bbox 420 1574 652 1639; x_wconf 83' lang='lat' dir='ltr'><strong>Apuliam.</strong></span> <span class='ocrx_word' id='word_1_161' title='bbox 701 1575 749 1628; x_wconf 86' lang='lat' dir='ltr'><strong>L.</strong></span> <span class='ocrx_word' id='word_1_162' title='bbox 772 1575 981 1640; x_wconf 88' lang='lat' dir='ltr'><strong>Papirius</strong></span> <span class='ocrx_word' id='word_1_163' title='bbox 1003 1575 1179 1625; x_wconf 88' lang='lat' dir='ltr'><strong>Cursor</strong></span> <span class='ocrx_word' id='word_1_164' title='bbox 1199 1591 1304 1625; x_wconf 91' lang='lat' dir='ltr'><strong>cum</strong></span> <span class='ocrx_word' id='word_1_165' title='bbox 1320 1577 1501 1626; x_wconf 90' lang='lat' dir='ltr'><strong>honore</strong></span> <span class='ocrx_word' id='word_1_166' title='bbox 1521 1576 1714 1624; x_wconf 90' lang='lat' dir='ltr'><strong>dictato-</strong></span> <span class='ocrx_word' id='word_1_167' title='bbox 1740 1589 1827 1622; x_wconf 49' lang='lat' dir='ltr'><strong>mu,</strong></span> 
     </span>
     <span class='ocr_line' id='line_1_21' title="bbox 199 1644 1810 1709; baseline -0.001 -14"><span class='ocrx_word' id='word_1_168' title='bbox 199 1646 260 1695; x_wconf 82' lang='lat' dir='ltr'><strong>ris</strong></span> <span class='ocrx_word' id='word_1_169' title='bbox 281 1644 339 1694; x_wconf 91' lang='lat' dir='ltr'><strong>ad</strong></span> <span class='ocrx_word' id='word_1_170' title='bbox 369 1644 416 1694; x_wconf 93' lang='lat' dir='ltr'><strong>id</strong></span> <span class='ocrx_word' id='word_1_171' title='bbox 435 1644 610 1695; x_wconf 88' lang='lat' dir='ltr'><strong>bellum</strong></span> <span class='ocrx_word' id='word_1_172' title='bbox 632 1645 875 1709; x_wconf 81' lang='lat' dir='ltr'><strong>profectus</strong></span> <span class='ocrx_word' id='word_1_173' title='bbox 900 1653 987 1696; x_wconf 87' lang='lat' dir='ltr'><strong>est.</strong></span> <span class='ocrx_word' id='word_1_174' title='bbox 1034 1646 1125 1706; x_wconf 89' lang='lat' dir='ltr'><strong>Qui</strong></span> <span class='ocrx_word' id='word_1_175' title='bbox 1147 1661 1251 1695; x_wconf 91' lang='lat' dir='ltr'><strong>cum</strong></span> <span class='ocrx_word' id='word_1_176' title='bbox 1271 1646 1466 1695; x_wconf 89' lang='lat' dir='ltr'><strong>Romam</strong></span> <span class='ocrx_word' id='word_1_177' title='bbox 1491 1644 1713 1707; x_wconf 86' lang='lat' dir='ltr'><strong>redisset,</strong></span> <span class='ocrx_word' id='word_1_178' title='bbox 1734 1645 1810 1679; x_wconf 78' lang='lat'><strong>⁴³⁰·</strong></span> 
     </span>
     <span class='ocr_line' id='line_1_22' title="bbox 200 1713 1717 1780; baseline -0.002 -15"><span class='ocrx_word' id='word_1_179' title='bbox 200 1714 256 1775; x_wconf 91' lang='lat' dir='ltr'><strong>Q.</strong></span> <span class='ocrx_word' id='word_1_180' title='bbox 277 1714 424 1764; x_wconf 90' lang='lat' dir='ltr'><strong>Fabio</strong></span> <span class='ocrx_word' id='word_1_181' title='bbox 444 1713 674 1778; x_wconf 86' lang='lat' dir='ltr'><strong>Maximo,</strong></span> <span class='ocrx_word' id='word_1_182' title='bbox 705 1716 927 1779; x_wconf 87' lang='lat' dir='ltr'><strong>magistro</strong></span> <span class='ocrx_word' id='word_1_183' title='bbox 949 1717 1155 1779; x_wconf 89' lang='lat' dir='ltr'><strong>equitum</strong></span> <span class='ocrx_word' id='word_1_184' title='bbox 1172 1752 1186 1778; x_wconf 93' lang='lat'><strong>,</strong></span> <span class='ocrx_word' id='word_1_185' title='bbox 1222 1731 1362 1780; x_wconf 92' lang='lat' dir='ltr'><strong>quem</strong></span> <span class='ocrx_word' id='word_1_186' title='bbox 1386 1714 1512 1780; x_wconf 87' lang='lat' dir='ltr'><strong>apud</strong></span> <span class='ocrx_word' id='word_1_187' title='bbox 1538 1714 1717 1764; x_wconf 88' lang='lat' dir='ltr'><strong>exerci-</strong></span> 
     </span>
     <span class='ocr_line' id='line_1_23' title="bbox 197 1783 1717 1848; baseline -0.001 -15"><span class='ocrx_word' id='word_1_188' title='bbox 197 1792 290 1833; x_wconf 90' lang='lat' dir='ltr'><strong>tum</strong></span> <span class='ocrx_word' id='word_1_189' title='bbox 307 1783 515 1848; x_wconf 85' lang='lat' dir='ltr'><strong>reliquit,</strong></span> <span class='ocrx_word' id='word_1_190' title='bbox 538 1786 797 1848; x_wconf 89' lang='lat' dir='ltr'><strong>praecepit,</strong></span> <span class='ocrx_word' id='word_1_191' title='bbox 820 1799 879 1834; x_wconf 91' lang='lat' dir='ltr'><strong>ne</strong></span> <span class='ocrx_word' id='word_1_192' title='bbox 901 1799 954 1832; x_wconf 91' lang='lat' dir='ltr'><strong>se</strong></span> <span class='ocrx_word' id='word_1_193' title='bbox 975 1786 1170 1833; x_wconf 91' lang='lat' dir='ltr'><strong>absente</strong></span> <span class='ocrx_word' id='word_1_194' title='bbox 1187 1792 1430 1848; x_wconf 86' lang='lat' dir='ltr'><strong>pugnaret.</strong></span> <span class='ocrx_word' id='word_1_195' title='bbox 1470 1783 1558 1833; x_wconf 88' lang='lat' dir='ltr'><strong>Ille</strong></span> <span class='ocrx_word' id='word_1_196' title='bbox 1578 1798 1717 1832; x_wconf 90' lang='lat' dir='ltr'><strong>occa·</strong></span> 
     </span>
     <span class='ocr_line' id='line_1_24' title="bbox 197 1852 1715 1916; baseline -0.001 -14"><span class='ocrx_word' id='word_1_197' title='bbox 197 1855 330 1902; x_wconf 91' lang='lat' dir='ltr'><strong>sione</strong></span> <span class='ocrx_word' id='word_1_198' title='bbox 367 1861 554 1916; x_wconf 88' lang='lat' dir='ltr'><strong>reperta</strong></span> <span class='ocrx_word' id='word_1_199' title='bbox 592 1852 870 1902; x_wconf 84' lang='lat' dir='ltr'><strong>felicissime</strong></span> <span class='ocrx_word' id='word_1_200' title='bbox 906 1853 1142 1902; x_wconf 89' lang='lat' dir='ltr'><strong>dimicavit</strong></span> <span class='ocrx_word' id='word_1_201' title='bbox 1177 1861 1225 1902; x_wconf 91' lang='lat' dir='ltr'><strong>et</strong></span> <span class='ocrx_word' id='word_1_202' title='bbox 1254 1855 1483 1902; x_wconf 89' lang='lat' dir='ltr'><strong>Samnitas</strong></span> <span class='ocrx_word' id='word_1_203' title='bbox 1523 1852 1715 1901; x_wconf 82' lang='lat' dir='ltr'><strong>delevit.</strong></span> 
     </span>
     <span class='ocr_line' id='line_1_25' title="bbox 198 1922 1717 1988; baseline -0.001 -16"><span class='ocrx_word' id='word_1_204' title='bbox 198 1922 270 1972; x_wconf 91' lang='lat' dir='ltr'><strong>Ob</strong></span> <span class='ocrx_word' id='word_1_205' title='bbox 290 1938 426 1988; x_wconf 90' lang='lat' dir='ltr'><strong>quam</strong></span> <span class='ocrx_word' id='word_1_206' title='bbox 446 1938 544 1971; x_wconf 90' lang='lat' dir='ltr'><strong>rem</strong></span> <span class='ocrx_word' id='word_1_207' title='bbox 564 1938 590 1972; x_wconf 84' lang='lat' dir='ltr'><strong>a</strong></span> <span class='ocrx_word' id='word_1_208' title='bbox 610 1922 837 1972; x_wconf 90' lang='lat' dir='ltr'><strong>dictatore</strong></span> <span class='ocrx_word' id='word_1_209' title='bbox 858 1923 1025 1986; x_wconf 86' lang='lat' dir='ltr'><strong>capitis</strong></span> <span class='ocrx_word' id='word_1_210' title='bbox 1038 1922 1294 1985; x_wconf 83' lang='lat' dir='ltr'><strong>damnatus,</strong></span> <span class='ocrx_word' id='word_1_211' title='bbox 1318 1922 1445 1987; x_wconf 89' lang='lat' dir='ltr'><strong>quod</strong></span> <span class='ocrx_word' id='word_1_212' title='bbox 1464 1937 1518 1970; x_wconf 87' lang='lat' dir='ltr'><strong>se</strong></span> <span class='ocrx_word' id='word_1_213' title='bbox 1531 1928 1717 1971; x_wconf 86' lang='lat' dir='ltr'><strong>vetante</strong></span> 
     </span>
     <span class='ocr_line' id='line_1_26' title="bbox 199 1990 1713 2057; baseline -0.001 -16"><span class='ocrx_word' id='word_1_214' title='bbox 199 1999 470 2057; x_wconf 88' lang='lat' dir='ltr'><strong>pugnasset,</strong></span> <span class='ocrx_word' id='word_1_215' title='bbox 505 1993 680 2056; x_wconf 87' lang='lat' dir='ltr'><strong>ingenti</strong></span> <span class='ocrx_word' id='word_1_216' title='bbox 705 1991 868 2041; x_wconf 87' lang='lat' dir='ltr'><strong>favore</strong></span> <span class='ocrx_word' id='word_1_217' title='bbox 888 1990 1082 2041; x_wconf 91' lang='lat' dir='ltr'><strong>militum</strong></span> <span class='ocrx_word' id='word_1_218' title='bbox 1110 1999 1159 2041; x_wconf 91' lang='lat' dir='ltr'><strong>et</strong></span> <span class='ocrx_word' id='word_1_219' title='bbox 1188 1991 1348 2056; x_wconf 87' lang='lat' dir='ltr'><strong>populi</strong></span> <span class='ocrx_word' id='word_1_220' title='bbox 1374 1992 1596 2040; x_wconf 90' lang='lat' dir='ltr'><strong>liberatus</strong></span> <span class='ocrx_word' id='word_1_221' title='bbox 1624 1998 1713 2053; x_wconf 84' lang='lat' dir='ltr'><strong>est,</strong></span> 
     </span>
     <span class='ocr_line' id='line_1_27' title="bbox 196 2060 1714 2127; baseline -0.002 -16"><span class='ocrx_word' id='word_1_222' title='bbox 196 2070 320 2111; x_wconf 88' lang='lat' dir='ltr'><strong>tanta</strong></span> <span class='ocrx_word' id='word_1_223' title='bbox 351 2061 536 2127; x_wconf 89' lang='lat' dir='ltr'><strong>Papirio</strong></span> <span class='ocrx_word' id='word_1_224' title='bbox 571 2061 802 2111; x_wconf 88' lang='lat' dir='ltr'><strong>seditione</strong></span> <span class='ocrx_word' id='word_1_225' title='bbox 835 2069 1093 2125; x_wconf 90' lang='lat' dir='ltr'><strong>commota,</strong></span> <span class='ocrx_word' id='word_1_226' title='bbox 1134 2069 1184 2110; x_wconf 92' lang='lat' dir='ltr'><strong>ut</strong></span> <span class='ocrx_word' id='word_1_227' title='bbox 1219 2076 1368 2125; x_wconf 88' lang='lat' dir='ltr'><strong>paene</strong></span> <span class='ocrx_word' id='word_1_228' title='bbox 1400 2063 1506 2125; x_wconf 89' lang='lat' dir='ltr'><strong>ipse</strong></span> <span class='ocrx_word' id='word_1_229' title='bbox 1544 2060 1714 2108; x_wconf 82' lang='lat' dir='ltr'><strong>interfi-</strong></span> 
     </span>
     <span class='ocr_line' id='line_1_28' title="bbox 198 2140 396 2184; baseline 0.015 -4"><span class='ocrx_word' id='word_1_230' title='bbox 198 2140 396 2184; x_wconf 89' lang='lat' dir='ltr'><strong>ceretur.</strong></span> 
     </span>
    </p>

    <p class='ocr_par' dir='ltr' id='par_1_6' title="bbox 195 2199 1825 2875">
     <span class='ocr_line' id='line_1_29' title="bbox 300 2199 1825 2263; baseline -0.003 -13"><span class='ocrx_word' id='word_1_231' title='bbox 300 2202 384 2250; x_wconf 58' lang='lat' dir='ltr'><strong>cx</strong></span> <span class='ocrx_word' id='word_1_232' title='bbox 399 2217 443 2249; x_wconf 80' lang='lat' dir='ltr'><strong>P.</strong></span> <span class='ocrx_word' id='word_1_233' title='bbox 466 2199 547 2250; x_wconf 76' lang='lat' dir='ltr'><strong>IX.</strong></span> <span class='ocrx_word' id='word_1_234' title='bbox 586 2200 757 2250; x_wconf 82' lang='lat' dir='ltr'><strong>Postea</strong></span> <span class='ocrx_word' id='word_1_235' title='bbox 778 2201 1009 2250; x_wconf 88' lang='lat' dir='ltr'><strong>Samnites</strong></span> <span class='ocrx_word' id='word_1_236' title='bbox 1028 2200 1266 2249; x_wconf 88' lang='lat' dir='ltr'><strong>Romanos</strong></span> <span class='ocrx_word' id='word_1_237' title='bbox 1286 2199 1337 2250; x_wconf 85' lang='grc' dir='ltr'><strong>Τ.</strong></span> <span class='ocrx_word' id='word_1_238' title='bbox 1355 2200 1549 2249; x_wconf 89' lang='lat' dir='ltr'><strong>Veturio</strong></span> <span class='ocrx_word' id='word_1_239' title='bbox 1570 2200 1712 2263; x_wconf 87' lang='lat' dir='ltr'><strong>etSp.</strong></span> <span class='ocrx_word' id='word_1_240' title='bbox 1735 2212 1825 2247; x_wconf 51' lang='lat' dir='ltr'><strong>mu.</strong></span> 
     </span>
     <span class='ocr_line' id='line_1_30' title="bbox 197 2267 1806 2333; baseline 0 -16"><span class='ocrx_word' id='word_1_241' title='bbox 197 2268 435 2318; x_wconf 86' lang='lat' dir='ltr'><strong>Postumio</strong></span> <span class='ocrx_word' id='word_1_242' title='bbox 455 2282 582 2320; x_wconf 88' lang='lat' dir='ltr'><strong>coss.</strong></span> <span class='ocrx_word' id='word_1_243' title='bbox 604 2269 727 2333; x_wconf 89' lang='lat' dir='ltr'><strong>apud</strong></span> <span class='ocrx_word' id='word_1_244' title='bbox 748 2268 972 2319; x_wconf 87' lang='lat' dir='ltr'><strong>Furculas</strong></span> <span class='ocrx_word' id='word_1_245' title='bbox 992 2267 1225 2318; x_wconf 86' lang='lat' dir='ltr'><strong>Caudinas</strong></span> <span class='ocrx_word' id='word_1_246' title='bbox 1244 2271 1472 2333; x_wconf 83' lang='lat' dir='ltr'><strong>angustiis</strong></span> <span class='ocrx_word' id='word_1_247' title='bbox 1499 2269 1712 2317; x_wconf 89' lang='lat' dir='ltr'><strong>locorum</strong></span> <span class='ocrx_word' id='word_1_248' title='bbox 1731 2269 1806 2303; x_wconf 77' lang='lat'><strong>⁴³⁸·</strong></span> 
     </span>
     <span class='ocr_line' id='line_1_31' title="bbox 197 2338 1711 2403; baseline -0.001 -16"><span class='ocrx_word' id='word_1_249' title='bbox 197 2338 451 2399; x_wconf 86' lang='lat' dir='ltr'><strong>conclusos</strong></span> <span class='ocrx_word' id='word_1_250' title='bbox 481 2339 657 2403; x_wconf 86' lang='lat' dir='ltr'><strong>ingenti</strong></span> <span class='ocrx_word' id='word_1_251' title='bbox 683 2338 923 2388; x_wconf 85' lang='lat' dir='ltr'><strong>dedecore</strong></span> <span class='ocrx_word' id='word_1_252' title='bbox 951 2340 1165 2387; x_wconf 85' lang='lat' dir='ltr'><strong>vicerunt</strong></span> <span class='ocrx_word' id='word_1_253' title='bbox 1192 2346 1240 2388; x_wconf 93' lang='lat' dir='ltr'><strong>et</strong></span> <span class='ocrx_word' id='word_1_254' title='bbox 1269 2339 1355 2387; x_wconf 88' lang='lat' dir='ltr'><strong>sub</strong></span> <span class='ocrx_word' id='word_1_255' title='bbox 1385 2339 1544 2403; x_wconf 85' lang='lat' dir='ltr'><strong>iugum</strong></span> <span class='ocrx_word' id='word_1_256' title='bbox 1574 2338 1711 2386; x_wconf 90' lang='lat' dir='ltr'><strong>mise·</strong></span> 
     </span>
     <span class='ocr_line' id='line_1_32' title="bbox 196 2407 1713 2473; baseline -0.001 -16"><span class='ocrx_word' id='word_1_257' title='bbox 196 2415 314 2461; x_wconf 87' lang='lat' dir='ltr'><strong>runt.</strong></span> <span class='ocrx_word' id='word_1_258' title='bbox 359 2407 453 2458; x_wconf 85' lang='lat' dir='ltr'><strong>Pax</strong></span> <span class='ocrx_word' id='word_1_259' title='bbox 473 2415 625 2458; x_wconf 89' lang='lat' dir='ltr'><strong>tamen</strong></span> <span class='ocrx_word' id='word_1_260' title='bbox 644 2423 670 2457; x_wconf 89' lang='lat' dir='ltr'><strong>a</strong></span> <span class='ocrx_word' id='word_1_261' title='bbox 691 2415 853 2457; x_wconf 88' lang='lat' dir='ltr'><strong>senatu</strong></span> <span class='ocrx_word' id='word_1_262' title='bbox 875 2415 922 2457; x_wconf 92' lang='lat' dir='ltr'><strong>et</strong></span> <span class='ocrx_word' id='word_1_263' title='bbox 943 2408 1122 2473; x_wconf 89' lang='lat' dir='ltr'><strong>populo</strong></span> <span class='ocrx_word' id='word_1_264' title='bbox 1154 2408 1307 2457; x_wconf 89' lang='lat' dir='ltr'><strong>soluta</strong></span> <span class='ocrx_word' id='word_1_265' title='bbox 1327 2415 1425 2470; x_wconf 90' lang='lat' dir='ltr'><strong>est,</strong></span> <span class='ocrx_word' id='word_1_266' title='bbox 1466 2422 1587 2473; x_wconf 89' lang='lat' dir='ltr'><strong>quae</strong></span> <span class='ocrx_word' id='word_1_267' title='bbox 1609 2422 1713 2456; x_wconf 89' lang='lat' dir='ltr'><strong>cum</strong></span> 
     </span>
     <span class='ocr_line' id='line_1_33' title="bbox 196 2477 1825 2542; baseline -0.001 -16"><span class='ocrx_word' id='word_1_268' title='bbox 196 2478 313 2541; x_wconf 90' lang='lat' dir='ltr'><strong>ipsis</strong></span> <span class='ocrx_word' id='word_1_269' title='bbox 346 2485 539 2542; x_wconf 89' lang='lat' dir='ltr'><strong>propter</strong></span> <span class='ocrx_word' id='word_1_270' title='bbox 565 2479 901 2528; x_wconf 88' lang='lat' dir='ltr'><strong>necessitatem</strong></span> <span class='ocrx_word' id='word_1_271' title='bbox 932 2478 1053 2527; x_wconf 84' lang='lat' dir='ltr'><strong>facta</strong></span> <span class='ocrx_word' id='word_1_272' title='bbox 1075 2477 1242 2529; x_wconf 79' lang='lat' dir='ltr'><strong>fuerat.</strong></span> <span class='ocrx_word' id='word_1_273' title='bbox 1292 2477 1459 2526; x_wconf 85' lang='lat' dir='ltr'><strong>Postea</strong></span> <span class='ocrx_word' id='word_1_274' title='bbox 1481 2477 1711 2526; x_wconf 82' lang='lat' dir='ltr'><strong>Samnites</strong></span> <span class='ocrx_word' id='word_1_275' title='bbox 1736 2501 1776 2532; x_wconf 62' lang='grc' dir='ltr'>Α</span> <span class='ocrx_word' id='word_1_276' title='bbox 1784 2499 1825 2531; x_wconf 81' lang='lat' dir='ltr'><strong>u,</strong></span> 
     </span>
     <span class='ocr_line' id='line_1_34' title="bbox 196 2546 1806 2613; baseline -0.001 -18"><span class='ocrx_word' id='word_1_277' title='bbox 196 2548 307 2596; x_wconf 84' lang='lat' dir='ltr'><strong>victi</strong></span> <span class='ocrx_word' id='word_1_278' title='bbox 334 2554 440 2596; x_wconf 87' lang='lat' dir='ltr'><strong>sunt</strong></span> <span class='ocrx_word' id='word_1_279' title='bbox 469 2563 496 2597; x_wconf 91' lang='lat' dir='ltr'><strong>a</strong></span> <span class='ocrx_word' id='word_1_280' title='bbox 524 2546 573 2598; x_wconf 81' lang='lat' dir='ltr'><strong>L.</strong></span> <span class='ocrx_word' id='word_1_281' title='bbox 593 2546 779 2613; x_wconf 89' lang='lat' dir='ltr'><strong>Papirio</strong></span> <span class='ocrx_word' id='word_1_282' title='bbox 810 2547 1033 2610; x_wconf 85' lang='lat' dir='ltr'><strong>consule,</strong></span> <span class='ocrx_word' id='word_1_283' title='bbox 1063 2555 1246 2613; x_wconf 88' lang='lat' dir='ltr'><strong>septem</strong></span> <span class='ocrx_word' id='word_1_284' title='bbox 1279 2547 1403 2596; x_wconf 89' lang='lat' dir='ltr'><strong>milia</strong></span> <span class='ocrx_word' id='word_1_285' title='bbox 1432 2560 1594 2596; x_wconf 91' lang='lat' dir='ltr'><strong>eorum</strong></span> <span class='ocrx_word' id='word_1_286' title='bbox 1625 2546 1711 2595; x_wconf 89' lang='lat' dir='ltr'><strong>sub</strong></span> <span class='ocrx_word' id='word_1_287' title='bbox 1732 2555 1806 2589; x_wconf 70' lang='lat'><strong>⁴3⁴.</strong></span> 
     </span>
     <span class='ocr_line' id='line_1_35' title="bbox 195 2614 1822 2682; baseline -0.001 -17"><span class='ocrx_word' id='word_1_288' title='bbox 195 2617 354 2681; x_wconf 81' lang='lat' dir='ltr'><strong>iugum</strong></span> <span class='ocrx_word' id='word_1_289' title='bbox 372 2616 529 2668; x_wconf 76' lang='lat' dir='ltr'><strong>missa.</strong></span> <span class='ocrx_word' id='word_1_290' title='bbox 558 2615 770 2682; x_wconf 86' lang='lat' dir='ltr'><strong>Papirius</strong></span> <span class='ocrx_word' id='word_1_291' title='bbox 790 2617 848 2667; x_wconf 91' lang='lat' dir='ltr'><strong>de</strong></span> <span class='ocrx_word' id='word_1_292' title='bbox 859 2617 1141 2668; x_wconf 88' lang='lat' dir='ltr'><strong>Samnitibus</strong></span> <span class='ocrx_word' id='word_1_293' title='bbox 1162 2618 1471 2682; x_wconf 85' lang='lat' dir='ltr'><strong>triumphavit.</strong></span> <span class='ocrx_word' id='word_1_294' title='bbox 1505 2614 1579 2665; x_wconf 88' lang='lat' dir='ltr'><strong>Eo</strong></span> <span class='ocrx_word' id='word_1_295' title='bbox 1598 2623 1712 2665; x_wconf 89' lang='lat' dir='ltr'><strong>tem·</strong></span> <span class='ocrx_word' id='word_1_296' title='bbox 1735 2615 1775 2647; x_wconf 96' lang='lat' dir='ltr'><strong>A·</strong></span> <span class='ocrx_word' id='word_1_297' title='bbox 1784 2614 1822 2646; x_wconf 78' lang='lat' dir='ltr'><strong>U·</strong></span> 
     </span>
     <span class='ocr_line' id='line_1_36' title="bbox 197 2670 1818 2768; baseline -0.001 -33"><span class='ocrx_word' id='word_1_298' title='bbox 197 2700 315 2768; x_wconf 76' lang='lat' dir='ltr'><strong>pore</strong></span> <span class='ocrx_word' id='word_1_299' title='bbox 333 2685 518 2750; x_wconf 81' lang='lat' dir='ltr'><strong>Appius</strong></span> <span class='ocrx_word' id='word_1_300' title='bbox 538 2685 758 2736; x_wconf 85' lang='lat' dir='ltr'><strong>Claudius</strong></span> <span class='ocrx_word' id='word_1_301' title='bbox 779 2701 954 2737; x_wconf 87' lang='lat' dir='ltr'><strong>censor</strong></span> <span class='ocrx_word' id='word_1_302' title='bbox 975 2686 1157 2752; x_wconf 74' lang='lat' dir='ltr'><strong>Aquam</strong></span> <span class='ocrx_word' id='word_1_303' title='bbox 1189 2686 1428 2737; x_wconf 88' lang='lat' dir='ltr'><strong>Claudiam</strong></span> <span class='ocrx_word' id='word_1_304' title='bbox 1460 2685 1638 2735; x_wconf 84' lang='lat' dir='ltr'><strong>induxit</strong></span> <span class='ocrx_word' id='word_1_305' title='bbox 1667 2670 1771 2734; x_wconf 82' lang='lat' dir='ltr'><strong>et⁴‘¹</strong></span> <span class='ocrx_word' id='word_1_306' title='bbox 1734 2729 1776 2761; x_wconf 61' lang='grc' dir='ltr'>Α</span> <span class='ocrx_word' id='word_1_307' title='bbox 1783 2728 1818 2759; x_wconf 26' lang='lat' dir='ltr'><strong>U-</strong></span> 
     </span>
     <span class='ocr_line' id='line_1_37' title="bbox 195 2754 1805 2838; baseline -0.001 -34"><span class='ocrx_word' id='word_1_308' title='bbox 195 2755 313 2804; x_wconf 84' lang='lat' dir='ltr'><strong>viam</strong></span> <span class='ocrx_word' id='word_1_309' title='bbox 341 2755 541 2820; x_wconf 79' lang='lat' dir='ltr'><strong>Appiam</strong></span> <span class='ocrx_word' id='word_1_310' title='bbox 561 2758 735 2807; x_wconf 78' lang='lat' dir='ltr'><strong>stravit</strong></span> <span class='ocrx_word' id='word_1_311' title='bbox 791 2756 1025 2807; x_wconf 88' lang='lat' dir='ltr'><strong>Samnites</strong></span> <span class='ocrx_word' id='word_1_312' title='bbox 1044 2764 1261 2821; x_wconf 88' lang='lat' dir='ltr'><strong>reparato</strong></span> <span class='ocrx_word' id='word_1_313' title='bbox 1292 2755 1418 2805; x_wconf 90' lang='lat' dir='ltr'><strong>bello</strong></span> <span class='ocrx_word' id='word_1_314' title='bbox 1441 2754 1497 2838; x_wconf 89' lang='lat' dir='ltr'><strong>Q.</strong></span> <span class='ocrx_word' id='word_1_315' title='bbox 1521 2754 1711 2805; x_wconf 89' lang='lat' dir='ltr'><strong>Fabium</strong></span> <span class='ocrx_word' id='word_1_316' title='bbox 1733 2784 1805 2817; x_wconf 51' lang='grc' dir='ltr'><strong>μη</strong></span> 
     </span>
     <span class='ocr_line' id='line_1_38' title="bbox 198 2822 1711 2875; baseline -0.001 -2"><span class='ocrx_word' id='word_1_317' title='bbox 198 2823 442 2874; x_wconf 74' lang='lat' dir='ltr'><strong>¹Maximum</strong></span> <span class='ocrx_word' id='word_1_318' title='bbox 470 2826 683 2875; x_wconf 85' lang='lat' dir='ltr'><strong>vicerunt</strong></span> <span class='ocrx_word' id='word_1_319' title='bbox 717 2826 865 2875; x_wconf 90' lang='lat' dir='ltr'><strong>tribus</strong></span> <span class='ocrx_word' id='word_1_320' title='bbox 902 2826 1087 2875; x_wconf 88' lang='lat' dir='ltr'><strong>milibus</strong></span> <span class='ocrx_word' id='word_1_321' title='bbox 1116 2827 1350 2875; x_wconf 88' lang='lat' dir='ltr'><strong>hominum</strong></span> <span class='ocrx_word' id='word_1_322' title='bbox 1372 2825 1564 2874; x_wconf 86' lang='lat' dir='ltr'><strong>occisis.</strong></span> <span class='ocrx_word' id='word_1_323' title='bbox 1624 2822 1711 2872; x_wconf 89' lang='lat' dir='ltr'><strong>Po·</strong></span> 
     </span>
    </p>
   </div>
  </div>
 </body>
</html>
