2026 3238
782 159 1108 204 LIBERIX
1644 159 1710 209 63

300 297 383 345 ΟΔ
397 312 440 343 1².
467 294 504 344 Ι.
544 293 657 343 Post
674 293 797 342 bunc
815 292 1090 342 Maximinus
1112 310 1171 343 ex
1191 309 1394 359 corpore
1413 296 1596 346 militari
1617 299 1709 361 pri·

193 382 292 414 mus
329 364 387 414 ad
423 364 668 428 imperium
704 364 909 412 accessit
938 362 1039 412 sola
1075 363 1267 413 militum
1293 362 1560 428 voluntate,
1606 382 1709 415 cum

192 435 316 484 nulla
341 439 532 483 senatus
560 433 911 482 intercessisset
934 434 1186 482 auctoritas
1205 448 1363 499 neque
1392 436 1498 498 ipse
1520 443 1710 484 senator

193 511 336 553 esset.
391 501 438 551 Is
469 501 596 552 bello
630 500 856 550 adversus
877 499 1132 553 Germanos
1163 502 1366 552 feliciter
1392 512 1533 567 gesto
1560 520 1664 553 cum
1683 520 1709 553 a

191 572 411 622 militibus
439 573 692 635 imperator
711 577 840 619 esset
862 571 1143 635 appellatus,
1175 587 1202 621 a
1227 571 1439 636 Pupieno
1459 573 1708 638 Aquileiae
1749 582 1792 615 1³-

191 643 380 691 occisus
409 648 482 690 est
507 640 831 690 deserentibus
862 655 966 689 eum
995 640 1215 690 militibus
1244 644 1341 691 suis
1370 657 1473 691 cum
1504 643 1599 692 filio
1629 643 1707 693 ad·
1727 638 1808 673 ω’(

191 713 280 761 buc
300 724 466 775 puero,
490 725 594 758 cum
610 724 703 774 quo
726 711 1036 774 imperaverat
1055 712 1255 760 triennio
1276 719 1324 760 et
1340 714 1502 775 paucis
1524 712 1707 762 diebus.
1728 695 1803 728 ²³⁸·

296 781 380 828 CA
398 796 441 828 ι».
470 777 530 827 11.
574 778 745 828 Postea
778 787 874 828 tres
906 780 1042 829 simul
1070 779 1270 844 Augusti
1296 781 1507 844 fuerunt,
1540 781 1706 846 Pupie-

189 865 292 912 nus,
325 848 544 897 Balbinus
573 857 620 897 et
640 847 928 911 Gordianus,
961 849 1052 898 duo
1077 851 1348 913 superiores
1369 851 1707 900 obscurissimo

188 933 392 983 genere,
432 916 693 967 Gordianus
720 917 919 980 nobiliS,
966 919 1142 983 quippe
1176 920 1307 967 cuius
1348 927 1508 983 pater,
1551 922 1709 969 senior

190 987 468 1050 Gordianus,
498 1001 733 1037 consensu
751 986 962 1050 militum,
993 1003 1097 1036 cum
1118 988 1498 1052 proconsulatum
1515 988 1705 1038 Africae

189 1064 405 1122 gereret,
451 1055 701 1107 Maximino
745 1058 1003 1121 imperante
1040 1058 1263 1121 princeps
1298 1058 1470 1107 fuisset
1505 1057 1702 1107 electus.

188 1126 352 1192 Itaque
372 1142 474 1175 cum
494 1126 686 1175 Romam
699 1128 927 1188 venisset,
955 1126 1175 1175 Balbinus
1198 1134 1244 1175 et
1263 1125 1499 1191 Pupienus
1520 1129 1563 1176 in
1586 1127 1709 1191 pala·
1741 1135 1782 1167 P·

188 1198 253 1245 tio
286 1196 520 1244 interfecti
552 1203 682 1258 sunt,
723 1195 813 1244 soli
851 1194 1083 1244 Gordiano
1121 1197 1364 1260 imperium
1401 1204 1704 1246 reservatum.
1726 1191 1800 1224 ω

190 1264 449 1314 Gordianus
477 1264 723 1314 admodum
743 1279 877 1328 puer,
913 1280 1016 1313 cum
1040 1264 1400 1329 Tranquillinam
1420 1265 1599 1315 Romae
1623 1266 1704 1315 du·
1728 1248 1802 1281 ωδ·

187 1335 336 1384 xisset
362 1348 581 1396 uxorem,
614 1332 771 1382 Ianum
802 1335 1036 1397 geminum
1065 1336 1273 1398 aperuit,
1314 1342 1361 1384 et
1389 1334 1448 1384 ad
1469 1334 1706 1384 Orientem
1746 1354 1787 1385 p,

190 1403 432 1468 profectus
443 1403 621 1453 Parthis
640 1402 814 1452 bellum
835 1403 1001 1466 intulit,
1024 1405 1102 1469 qui
1122 1405 1212 1453 iam
1230 1403 1538 1453 moliebantur
1556 1420 1705 1453 erum·
1723 1411 1813 1444 Ο-Ν·

191 1487 317 1538 pere.
357 1471 497 1533 Quod
508 1472 695 1537 quidem
712 1486 821 1522 mox
840 1471 1043 1521 feliciter
1059 1475 1211 1537 gessit
1232 1473 1524 1538 proeliisque
1542 1475 1703 1539 ingen·
1721 1468 1797 1500 ²¹¹²·

188 1543 312 1592 tibus
336 1540 504 1591 Persas
524 1541 704 1591 afflixit.
752 1541 959 1590 Rediens
983 1541 1106 1591 haud
1129 1542 1272 1605 longe
1299 1557 1326 1592 a
1350 1541 1573 1592 Romanis
1604 1544 1701 1591 fini·
1745 1554 1785 1586 Ρ.

189 1613 275 1665 bus
308 1612 584 1661 interfectus
605 1618 678 1659 cst
702 1610 866 1660 fraude
893 1609 1122 1675 Philippi,
1153 1614 1232 1676 qui
1252 1619 1361 1676 post
1379 1627 1484 1661 eum
1508 1614 1703 1677 impera·
1724 1610 1803 1645 ΟΝ

189 1683 268 1730 vit.
308 1680 445 1730 Miles
473 1682 518 1730 ei
537 1679 762 1730 tumulum
786 1681 1019 1745 vigesimo
1043 1680 1240 1729 miliario
1258 1697 1286 1730 a
1311 1679 1555 1744 circesso,
1578 1681 1704 1746 quod
1724 1667 1787 1699 2⁴⁴

191 1759 390 1800 castrum
411 1766 532 1800 nunc
551 1750 865 1799 Romanorum
886 1757 975 1813 est,
1002 1749 1228 1813 Euphrati
1246 1751 1513 1813 imminens,
1545 1750 1702 1800 aedifi-

188 1823 328 1883 cavit,
352 1822 602 1884 exsequias
623 1819 819 1868 Romam
836 1816 1051 1882 revexit,
1074 1821 1227 1883 ipsum
1247 1819 1414 1868 Divum
1432 1819 1702 1883 appellavit.

292 1890 430 1941 Car.
465 1888 546 1939 111.
587 1887 787 1953 Philippi
814 1887 932 1951 duo,
971 1887 1090 1938 filius
1111 1903 1166 1937 ac
1189 1897 1337 1952 pater,
1366 1887 1601 1937 Gordiano
1623 1901 1702 1937 oc-

189 1962 290 2009 ciso
315 1961 558 2024 imperium
578 1960 847 2008 invaserunt
864 1965 1005 2023 atque
1037 1960 1247 2007 exercitu
1265 1958 1484 2007 incolumi
1504 1958 1700 2007 reducto

187 2029 244 2079 ad
271 2028 449 2079 Italiam
479 2044 507 2078 e
537 2028 671 2091 Syria
701 2028 904 2092 profecti
933 2035 1054 2077 sunt.
1130 2026 1212 2075 His
1255 2028 1588 2090 imperantibus
1620 2029 1702 2075 mi·

187 2098 378 2149 lesimus
426 2114 572 2148 annus
607 2097 788 2148 Romae
831 2097 958 2146 urbis
1003 2097 1180 2161 ingenti
1226 2095 1439 2145 ludorum
1480 2104 1702 2160 apparatu

187 2167 662 2232 spectaculorumque
686 2167 953 2215 celebratus
983 2174 1069 2214 est.
1122 2165 1273 2215 Ambo
1301 2165 1469 2215 deinde
1488 2166 1545 2214 ab
1568 2181 1701 2215 exer-

189 2239 280 2286 citu
321 2237 555 2285 interfecti
590 2243 720 2298 sunt,
769 2236 928 2284 senior
957 2233 1199 2297 Philippus
1234 2233 1450 2284 Veronae
1466 2271 1479 2295 ,
1522 2234 1701 2284 Romae
1746 2252 1788 2284 p.

187 2309 354 2355 iunior.
414 2304 559 2353 Annis
590 2307 795 2369 quinque
827 2305 1188 2368 imperaverunt.
1231 2301 1359 2353 Inter
1378 2303 1525 2351 Divos
1550 2310 1703 2353 tamen
1721 2308 1813 2342 ΟΝ-

188 2376 321 2425 relati
348 2383 469 2424 sunt.
1637 2408 1643 2413 -
1722 2365 1798 2398 ²⁴⁸⁶

294 2445 435 2494 CAP.
457 2443 536 2492 lv.
575 2442 687 2493 Post
711 2444 798 2493 hos
821 2442 1003 2492 Decius
1036 2458 1064 2491 e
1096 2442 1328 2491 Pannonia
1350 2442 1590 2504 inferiore,
1614 2441 1703 2490 Bu-

188 2514 335 2564 daliae
355 2521 507 2577 natuS,
521 2514 763 2578 imperium
784 2514 996 2577 sumpsit.
1035 2511 1215 2562 Bellum
1228 2511 1384 2573 civile,
1401 2511 1527 2575 quod
1547 2509 1702 2560 inGal-

187 2584 247 2632 lia
267 2591 440 2632 motum
465 2583 632 2646 fuerat,
655 2584 910 2647 oppressit.
949 2581 1117 2631 Filium
1142 2597 1274 2631 suum
1302 2579 1555 2630 Caesarem
1574 2579 1700 2629 fecit.

187 2652 364 2702 Romae
383 2652 616 2702 lavacrum
632 2652 909 2701 aedificavit.
950 2650 1067 2700 Cum
1087 2652 1275 2700 biennio
1296 2652 1461 2714 ipseet
1481 2650 1600 2699 filius
1622 2651 1702 2698 lm·
1746 2672 1786 2705 p,
1879 2707 1882 2710 q

189 2729 451 2839 perasspnt,
478 2729 676 2787 uterque
694 2723 742 2771 in
765 2721 1008 2771 barbarico
1031 2721 1266 2770 interfecti
1289 2727 1394 2769 sunt
1419 2727 1467 2768 et
1485 2721 1604 2768 inter
1626 2718 1706 2767 Di·
1721 2728 1800 2818 ί(1ῑῆξῖ

189 2804 275 2840 vos
302 2806 354 2840 re
375 2793 452 2840 ati.
827 2797 833 2803 “
1745 2809 1752 2818 ·
1789 2809 1795 2814 ·
