2026 3238
335 171 416 228 ‚40
940 172 1339 219 EUTROPII

349 325 535 359 omnem
556 310 843 373 provinciam
855 309 1001 371 cepit,
1024 308 1387 372 appellatusque
1405 315 1480 361 est
1490 306 1706 357 Creticus
1726 318 1866 376 atque

236 404 323 437 ΑΜ,
349 396 408 429 ex
442 378 592 428 insula
631 378 943 441 triumphavit.
1005 375 1112 436 Quo
1142 385 1356 441 tempore
1384 377 1531 440 Libya
1559 391 1751 442 quoque
1768 380 1865 429 Ro·

254 460 326 493 ese.
347 463 482 499 mano
501 449 700 512 imperio
723 462 809 511 per
831 453 1158 495 testamentum
1176 446 1399 511 ApioniS,
1428 448 1507 511 qui
1526 463 1613 496 rex
1631 449 1732 496 eius
1764 449 1864 498 fue-

346 525 431 590 rat,
455 519 677 583 accessit,
706 518 751 565 in
771 531 862 581 qua
881 515 1084 564 inclutae
1105 518 1318 565 civitates
1341 525 1470 566 eraut
1487 516 1736 580 Berenice,
1757 516 1864 568 Pto-

345 588 509 637 lemais
530 595 577 636 et
598 585 802 648 Cyrene.

457 659 497 707 G
510 674 543 706 A
556 673 601 705 Ρ.
621 655 727 704 ΧΠ.
743 654 853 720 (Κ.)
874 653 997 702 Dum
1005 654 1128 708 ¹haec
1147 662 1388 718 geruntur,
1409 656 1588 719 piratae
1603 659 1757 707 omnia
1772 674 1867 708 ma-

344 731 411 778 ria
430 726 710 776 infestabant
739 727 827 787 ita,
869 731 919 772 ut
936 724 1179 787 Romanis,
1208 731 1309 773 toto
1331 725 1448 774 orbe
1466 727 1743 790 victoribuS,
1763 727 1868 780 sola

345 798 581 861 navigatio
612 803 707 844 tuta
732 809 826 843 non
857 802 1003 843 esset.
1057 793 1214 853 Quare
1244 794 1292 842 id
1323 794 1497 843 bellum
1530 794 1616 851 Cn.
1637 795 1866 860 Pompeio

232 883 327 915 Α.υ.
346 868 586 917 decretum
610 872 699 914 est.
758 863 898 924 Quod
927 865 1044 913 intra
1073 877 1253 927 paucos
1272 879 1458 913 menses
1489 866 1667 929 ingenti
1694 873 1742 915 et
1760 866 1866 915 feli-

243 948 318 983 685.
349 939 489 986 eitate
509 943 557 984 et
576 934 820 983 celeritate
841 933 1064 982 confecit.
1110 932 1224 983 Mox
1244 935 1288 982 ei
1313 933 1516 987 delatum
1534 935 1710 986 bellum
1728 938 1867 985 etiam

350 1014 511 1056 contra
533 1020 699 1071 regem
717 1003 1017 1052 Mithridaten
1036 1010 1085 1051 et
1104 1001 1355 1066 Tigranen.
1399 1002 1506 1062 Quo
1527 1013 1754 1068 suscepto
1779 1004 1866 1054 Mi-

347 1076 577 1126 thridaten
594 1076 640 1122 in
659 1073 881 1121 Armenia
899 1075 1080 1121 minore
1106 1080 1337 1129 nocturno
1359 1072 1544 1136 proelio
1562 1075 1692 1136 vicit,
1716 1081 1868 1125 castra

347 1145 553 1209 diripuit,
577 1142 880 1212 quadraginta
896 1142 1082 1193 milibus
1103 1143 1206 1191 eius
1232 1143 1407 1191 occisis
1431 1143 1595 1207 viginti
1614 1150 1789 1193 tantum
1807 1143 1868 1193 de

347 1215 558 1264 exercitu
579 1227 666 1262 suo
681 1211 885 1276 perdidit
904 1219 951 1260 et
970 1211 1089 1260 duos
1110 1212 1429 1261 centuriones,
1450 1211 1742 1263 Mithridates
1763 1228 1868 1262 eum

343 1299 491 1334 uxore
511 1284 699 1347 fugitet
719 1282 902 1330 duobus
923 1283 1188 1331 comitibus.
1225 1280 1396 1347 Neque
1414 1281 1562 1331 multo
1593 1290 1727 1346 post,
1762 1297 1867 1334 cum

342 1357 389 1403 in
409 1368 523 1403 suos
545 1353 765 1415 saeviret,
787 1351 1056 1414 Pharnacis»,
1079 1351 1160 1400 filii
1180 1353 1271 1415 sui,
1300 1352 1424 1416 apud
1441 1351 1613 1411 milites
1633 1352 1867 1402 seditione

342 1424 401 1474 ad
427 1430 624 1473 mortem
656 1430 851 1471 coactus
880 1437 1115 1478 venenum
1144 1422 1312 1470 hausit.
1378 1420 1512 1470 Hunc
1546 1422 1683 1470 finem
1708 1422 1869 1479 habuit

229 1511 319 1544 Α.υ.
343 1492 653 1542 Mithridates.
719 1490 862 1540 Periit
894 1498 1052 1541 autem
1078 1491 1204 1555 apud
1227 1491 1520 1555 Bosporum,
1561 1493 1633 1539 vir
1662 1492 1866 1557 ingentis

243 1568 318 1602 ⁶88·
341 1563 596 1613 industriae
622 1560 922 1625 consiliique.
970 1561 1205 1624 Regnavit
1223 1563 1353 1610 annis
1375 1562 1637 1623 sexaginta,
1658 1562 1774 1610 vixit
1791 1576 1866 1609 se·

343 1635 584 1715 ptuaginta
600 1631 801 1695 duobus,
820 1637 982 1685 contra
990 1630 1230 1680 Romanos
1244 1629 1419 1679 bellurn
1431 1630 1592 1689 habuit
1610 1632 1742 1680 annis
1755 1645 1866 1695 qua·

344 1703 423 1752 dra
461 1709 568 1751 mta.
1244 1739 1249 1742 -

249 1797 336 1830 My,
426 1718 493 1820 gG
506 1788 538 1820 A
552 1788 595 1818 P.
616 1770 746 1819 XIII.
771 1769 907 1835 (XI.)
930 1769 1118 1834 Tigrani
1141 1770 1310 1819 deinde
1329 1770 1584 1834 Pompeius
1604 1770 1779 1819 bellum
1797 1767 1865 1818 in·

243 1853 318 1886 oso.
341 1841 461 1903 tulit.
503 1839 592 1888 Ille
612 1856 666 1891 se
693 1841 736 1888 ei
758 1839 911 1901 dedit,
949 1847 997 1887 et
1031 1841 1079 1887 in
1111 1847 1263 1888 castra
1289 1838 1504 1902 Pompeii
1524 1847 1660 1889 sexto
1678 1839 1864 1888 decimo

342 1910 539 1959 miliario
564 1910 622 1958 ah
649 1909 870 1958 Artaxata
886 1911 1039 1970 venit,
1076 1923 1133 1956 ac
1153 1908 1364 1958 diadema
1383 1924 1535 1972 suum,
1570 1924 1675 1958 cum
1694 1923 1864 1973 preeu-

342 1981 525 2029 buisset
562 1979 619 2028 ad
660 1993 814 2043 genua
851 1977 1090 2043 Pompeii,
1133 1979 1180 2027 in
1220 1979 1431 2029 manibus
1464 1980 1556 2042 ipsi
1595 1978 1863 2028 collocavit.

345 2049 485 2109 Quod
513 2050 556 2096 ei
588 2047 840 2111 Pompeius
866 2049 1099 2111 reposuit,
1130 2048 1487 2113 honorificeque
1521 2065 1627 2097 eum
1659 2045 1865 2098 habitum

342 2120 477 2183 regni
510 2125 665 2166 tamen
692 2124 825 2181 parte
854 2116 1065 2170 multavit
1096 2125 1145 2166 et
1171 2117 1335 2182 grandi
1367 2120 1582 2182 pecunia.
1631 2117 1864 2181 Adempta

345 2194 419 2237 est
439 2189 483 2236 ei
506 2188 658 2249 Syria,
679 2186 937 2250 Phoenice,
971 2188 1224 2250 Sophene,
1258 2203 1346 2236 sex
1371 2187 1497 2236 milia
1518 2195 1766 2252 praeterea
1796 2194 1863 2235 ta-

342 2258 574 2307 lentorum
591 2258 801 2320 argenti,
838 2271 959 2322 quae
986 2256 1165 2321 populo
1196 2257 1407 2306 Romano
1429 2256 1587 2320 daret,
1629 2257 1739 2321 quia
1763 2255 1863 2309 bel-

342 2327 435 2375 lum
455 2328 558 2375 sine
578 2341 746 2376 caussa
765 2325 989 2376 Romanis
1009 2328 1360 2375 commovisset.

447 2396 488 2444 G
504 2413 534 2445 A
548 2411 592 2446 ι».
613 2395 740 2445 XIV.
777 2395 1031 2458 Pompeius
1049 2409 1160 2444 mox
1179 2398 1318 2444 etiam
1335 2395 1532 2444 Albanis
1550 2394 1726 2443 bellum
1743 2394 1863 2443 intu-

342 2465 410 2528 lit,
433 2473 480 2514 et
499 2478 661 2514 eorum
679 2480 845 2529 regem
865 2464 1053 2513 Oroden
1071 2472 1143 2513 ter
1159 2466 1290 2527 vicit,
1314 2472 1557 2528 postremo
1578 2478 1665 2528 per
1685 2464 1863 2528 epistu-

340 2534 409 2583 las
429 2543 476 2583 et
495 2549 684 2584 munera
702 2541 896 2599 rogatus
925 2535 1110 2582 veniam
1129 2535 1173 2582 ei
1202 2549 1258 2583 ac
1280 2547 1444 2598 pacem
1477 2533 1621 2583 dedit.
1679 2532 1863 2582 Iberiae

343 2619 534 2668 quoque
553 2618 718 2678 regem
735 2602 945 2652 Artocen
963 2604 1078 2652 vicit
1096 2605 1201 2652 acie
1221 2611 1268 2652 et
1289 2605 1334 2652 in
1355 2603 1641 2653 deditionem
1658 2602 1861 2665 accepit.

341 2673 606 2722 Armeniam
625 2673 851 2720 minorem
869 2671 1118 2736 Deiotaro,
1142 2671 1350 2722 Galatiae
1369 2675 1491 2738 regi,
1515 2673 1722 2734 donavit,
1751 2670 1862 2735 quia

344 2743 505 2790 socius
532 2741 644 2790 belli
667 2740 966 2791 Mithridatici
988 2742 1158 2791 fuerat.
1211 2742 1369 2791 Attalo
1399 2750 1446 2791 et
1476 2741 1744 2806 Pylaemeni
1778 2738 1860 2788 Pa·

344 2810 641 2875 phlagoniam
660 2810 874 2859 reddidit.
902 2811 1223 2861 Aristarchum
1235 2810 1427 2861 Colchis
1445 2827 1608 2876 regem
1621 2810 1857 2876 imposuit.
