2026 3238
387 167 455 218 34
966 173 1328 220 EUTROPII

386 308 558 370 picium
583 305 831 359 dimicavit.
887 308 1063 362 Primus
1086 310 1247 357 urbem
1267 309 1461 357 Romam
1490 316 1688 357 armatus
1717 310 1896 372 ingres-

386 389 466 424 sus
487 382 583 438 est,
627 375 885 440 Sulpicium
917 377 1176 441 interfecit,
1215 377 1409 426 Marium
1441 377 1644 442 fugavit,
1675 384 1815 441 atque
1836 381 1897 428 ita

282 472 366 505 Η),
385 443 657 494 consulibus
686 446 906 495 ordinatis
942 448 987 494 in
1023 447 1222 496 futurum
1253 461 1418 495 annum
1439 445 1518 495 Gn.
1545 446 1741 496 Octavio
1775 455 1822 495 et
1845 445 1895 497 L.

284 528 359 563 655.
386 514 605 563 Cornelio
628 513 769 564 Cinna
790 515 846 564 ad
866 514 1024 564 Asiam
1043 515 1285 579 profectus
1306 524 1377 565 est

489 584 632 634 cn.
655 584 711 635 V.
763 583 1052 633 Mithridates
1085 586 1234 647 enim,
1268 587 1346 650 qui
1366 583 1498 633 Ponti
1525 599 1610 635 rex
1635 593 1732 634 erat
1757 593 1896 649 atque

381 653 643 702 Armeniam
664 655 892 703 minorem
910 661 956 702 et
975 653 1369 703 totumPonticum
1382 669 1508 703 mare
1522 655 1568 702 in
1585 656 1779 703 circuitu
1794 669 1897 702 cum

380 722 597 786 Bosporo
624 723 838 785 tenebat,
880 725 1029 786 primo
1051 723 1358 786 Nicomeden,
1392 726 1587 772 amicum
1613 723 1775 788 populi
1799 723 1895 772 Ro-

382 793 518 854 mani,
542 791 755 854 Bithynia
778 793 927 841 voluit
947 793 1207 856 expellere,
1230 794 1507 857 senatuique
1525 793 1771 855 mandavit,
1795 791 1894 842 bel-

382 861 475 909 lum
496 875 550 909 se
570 862 613 908 ei
635 868 829 925 propter
847 863 1060 924 inim-iffi,
1097 878 1211 926 quas
1243 877 1410 926 passus
1438 862 1617 926 fuerat,
1648 862 1892 912 illaturum.

380 931 423 978 A
444 937 606 979 senatu
625 945 905 995 responsum
924 931 1279 994 estMithridati,
1302 933 1341 980 si
1360 932 1406 980 id
1426 931 1624 995 faceret,
1647 932 1773 996 quod
1793 931 1890 980 bel·

380 1000 474 1048 lum
494 1015 519 1048 a
539 999 760 1049 Romanis
792 1008 839 1050 et
866 1003 972 1065 ipse
998 1008 1248 1064 pateretur.
1299 1000 1453 1060 Quare
1483 1003 1624 1049 iratus
1647 1000 1893 1065 Cappado-

383 1071 499 1117 ciam
533 1071 685 1117 statim
711 1071 961 1133 occupavit
995 1077 1041 1118 et
1071 1085 1130 1118 ex
1165 1085 1219 1117 ea
1243 1068 1619 1132 Ariobarzanen,
1659 1084 1822 1134 regem
1849 1077 1895 1117 et

381 1139 577 1186 amicum
610 1138 776 1202 populi
802 1139 1025 1202 Romani,
1074 1139 1267 1203 fugavit.
1321 1138 1433 1188 Mox
1467 1140 1603 1188 etiam
1635 1138 1896 1202 Bithyniam

380 1208 547 1256 invasit
568 1214 614 1255 et
633 1204 992 1273 Paphlagoniam
1013 1208 1162 1271 pulsis
1175 1223 1301 1258 exea
1319 1209 1531 1271 regibuS,
1553 1208 1893 1277 amicis'popub

379 1277 594 1339 Romani,
618 1276 899 1339 Pylaemene
921 1286 968 1326 et
986 1277 1262 1328 Nicomede.
1306 1276 1419 1326 Inde
1437 1277 1679 1342 Ephesum
1702 1285 1892 1326 conten·

383 1346 443 1394 dit
478 1352 525 1394 et
552 1360 639 1409 per
671 1360 854 1396 omnem
874 1346 1033 1396 Asiam
1060 1348 1219 1396 literas
1238 1348 1388 1410 misit,
1420 1355 1495 1410 ut,
1531 1348 1799 1411 ubicunque
1825 1347 1889 1395 in-

382 1416 502 1466 venti
534 1424 694 1466 essent
714 1418 843 1466 cives
869 1417 1083 1478 Romani,
1105 1431 1196 1465 uno
1217 1415 1294 1466 die
1321 1416 1663 1466 occiderentur.

483 1487 621 1536 Gn».
661 1486 741 1536 VI.
783 1486 966 1536 Interea
987 1488 1123 1536 etiam
1144 1487 1374 1548 Athenae,
1398 1487 1563 1535 civitas
1583 1486 1809 1548 Achaiae,
1835 1487 1892 1534 ab

376 1556 614 1605 Aristione
646 1556 919 1605 Atheniensi
947 1555 1197 1605 Mithridati
1228 1555 1392 1604 tradita
1413 1563 1501 1604 est.
1551 1555 1743 1605 Miserat
1772 1556 1892 1604 enim

375 1627 466 1675 iam
485 1626 542 1675 ad
556 1625 779 1676 Achaiam
798 1625 1087 1675 Mithridates
1103 1624 1401 1687 Archelaum,
1427 1625 1594 1673 ducem
1615 1641 1764 1688 suum,
1789 1639 1893 1673 cum

377 1702 560 1744 centum
588 1703 634 1744 et
660 1698 825 1759 viginti
854 1695 1039 1743 milibus
1062 1696 1269 1759 equitum
1295 1709 1350 1743 ac
1377 1694 1611 1758 peditum,
1648 1710 1734 1759 per
1754 1709 1891 1758 quem

377 1766 515 1813 etiam
542 1764 723 1829 reliqua
751 1764 947 1818 Graecia
978 1772 1209 1828 occupata
1240 1772 1327 1813 est.
1386 1763 1518 1829 (lv.)
1554 1763 1682 1812 Sulla
1714 1764 1890 1811 Arche-

375 1834 497 1883 laum
523 1833 647 1897 apud
658 1833 889 1896 Piraeum,
909 1848 1003 1882 non
1021 1833 1164 1896 longe
1183 1833 1241 1881 ab
1257 1831 1470 1894 AtheniS,
1494 1833 1696 1893 obsedit,
1721 1834 1889 1895 ipsam·

377 1919 470 1968 que
488 1904 650 1953 urbem
671 1905 813 1967 cepit.
865 1902 1035 1951 Postea
1056 1902 1306 1950 commisso
1329 1901 1512 1965 proelio
1535 1909 1694 1950 contra
1714 1901 1889 1950 Arche·

374 1973 497 2022 laum
515 1974 579 2022 ita
598 1988 705 2021 eum
722 1973 860 2033 vicit,
894 1979 943 2020 ut
963 1987 1022 2020 ex
1043 1987 1134 2021 cxx
1152 1969 1336 2019 milibus
1363 1973 1441 2019 vix
1470 1971 1634 2020 decem
1654 1970 1890 2020 Archelao

378 2048 699 2106 superessent,
729 2056 788 2090 ex
809 2041 966 2090 Sullae
987 2041 1196 2090 exercitu
1215 2057 1297 2089 xrv
1315 2048 1488 2089 tantum
1508 2042 1721 2090 homines
1750 2043 1889 2089 inter-

379 2112 641 2159 licerentur.
687 2110 786 2158 Hac
814 2125 969 2174 pugna
991 2109 1282 2158 Mithridates
1309 2111 1500 2173 cognita
1538 2127 1627 2159 va
1662 2110 1788 2158 milia
1821 2109 1889 2158 le-

378 2181 582 2229 ctissima
604 2195 663 2228 ex
682 2180 795 2228 Asia
809 2179 1043 2229 Archelao
1063 2181 1204 2241 misit,
1235 2187 1394 2228 contra
1416 2194 1555 2243 quem
1575 2179 1703 2228 Sulla
1724 2181 1889 2228 iterum

378 2251 622 2298 commisit.
662 2249 824 2307 ‚Primo
847 2249 1030 2313 proelio
1050 2264 1112 2298 xv
1130 2247 1254 2297 milia
1274 2250 1474 2297 hostium
1500 2249 1746 2297 interfecta
1765 2256 1887 2312 sunt,

379 2318 594 2383 filiusque
613 2317 832 2368 Archelai
855 2319 1112 2382 Diogenes.
1169 2319 1386 2367 Secundo
1419 2333 1581 2367 omnes
1612 2317 1888 2367 Mithridatis

377 2389 544 2451 copiae
577 2389 836 2437 exstinctae
875 2395 1010 2451 sunt,
1047 2387 1307 2436 Archelaus
1342 2389 1450 2452 ipse
1485 2387 1638 2436 triduo
1665 2387 1814 2435 nudus
1843 2389 1888 2436 in

376 2456 622 2520 paludibus
655 2457 799 2507 latuit.
848 2455 947 2505 Hac
970 2471 1022 2505 re
1052 2456 1205 2505 audita
1226 2454 1515 2506 Mithridates
1546 2471 1649 2505 cum
1670 2456 1798 2505 Sulla
1830 2457 1888 2505 de

376 2541 495 2588 pace
514 2528 591 2590 agi
611 2528 762 2574 iussit.

492 2595 635 2644 Gar.
656 2593 759 2646 vll.
801 2594 988 2643 Interim
1008 2609 1067 2643 eo
1087 2602 1301 2659 tempore
1323 2594 1449 2643 Sulla
1470 2596 1606 2645 etiam
1626 2595 1885 2657 Dardanos,

380 2663 689 2726 ScordiscoS,
722 2663 958 2713 Dalmatas
996 2672 1043 2713 et
1078 2663 1272 2713 Maedos
1313 2665 1474 2728 partim
1506 2666 1643 2727 vicit,
1689 2664 1806 2713 alios
1841 2666 1886 2712 in

381 2732 517 2781 fidem
537 2734 738 2797 accepit.
791 2733 886 2782 Sed
906 2748 1010 2782 cum
1029 2733 1172 2798 legati
1194 2749 1219 2783 a
1238 2749 1356 2798 rege
1375 2733 1664 2795 Mithridate,
1706 2735 1782 2798 qui
1808 2748 1885 2796 pa-

381 2816 482 2850 cem
510 2803 749 2865 petebant,
781 2805 1040 2865 venissent,
1061 2818 1153 2852 non
1173 2803 1307 2852 aliter
1326 2819 1379 2853 se
1399 2804 1605 2853 daturum
1626 2803 1753 2851 Sulla
1775 2817 1883 2851 esse
