2026 3238
684 188 923 234 LIBER
978 189 1007 233 1.
1593 185 1624 233 5

98 324 381 387 aedificavit,
413 324 550 374 ludos
570 324 808 372 Romanos
834 323 1060 384 instituit,
1093 323 1171 386 qui
1200 321 1258 369 ad
1287 329 1492 371 nostram
1525 338 1600 372 me

99 395 290 444 moriam
309 400 596 458 permanent.
651 392 778 440 Vicit
805 391 930 440 idem
951 393 1090 440 etiam
1111 391 1312 440 Sabinos
1344 398 1392 440 et
1425 405 1518 454 non
1540 407 1619 455 pa-

98 480 198 515 rum
218 476 454 528 agrorum,
477 461 708 512 sublatum
727 461 911 523 iisdem,
934 461 1062 509 urbis
1082 461 1260 510 Romae
1279 462 1517 510 territorio
1537 461 1616 510 ad·

98 536 262 597 iunxit,
284 535 557 598 primusque
578 531 865 595 triumphans
886 531 1049 580 urbem
1070 532 1270 579 intravit.
1320 530 1482 579 Muros
1502 531 1617 580 fecit

101 611 148 653 et
172 603 379 666 cloacas,
403 599 684 666 Capitolium
702 601 954 650 inchoavit.
990 599 1255 665 Trigesimo
1277 608 1446 651 octavo
1467 602 1614 665 impe-

99 675 154 723 rii
185 686 304 723 anno
335 686 421 737 per
443 670 560 720 Anci
583 670 708 720 filios
727 673 917 720 occisus
938 677 1040 732 est,
1080 672 1210 734 regis
1243 671 1362 731 eius,
1405 673 1480 719 cui
1507 673 1613 734 ipse

99 749 412 792 successerat.

204 838 343 888 Gar.
366 836 471 888 vn.
500 838 633 906 (vl.)
671 839 784 887 Post
813 839 935 887 hunc
964 837 1158 885 Servius
1191 836 1370 886 Tullius
1400 840 1613 901 suscepit
1628 840 1720 875 Α-ῦ-

100 910 359 974 imperium,
382 911 568 973 genitus
594 924 654 958 ex
672 907 819 958 nobili
842 908 1035 968 femina,
1068 908 1251 970 captiva
1271 914 1424 956 tamen
1454 914 1501 956 et
1532 923 1610 956 an·
1636 897 1712 933 ¹⁷⁶·

101 974 236 1028 cilla.'
267 977 356 1026 Hic
377 993 568 1044 quoque
596 979 797 1028 Sabinos
818 977 1023 1039 subegit,
1055 983 1239 1024 montes
1258 984 1372 1039 treS,
1396 975 1610 1036 Quirina·

99 1049 218 1110 lem,
240 1046 533 1111 viminalem,
560 1048 872 1114 Esquilinum,
908 1046 1011 1094 urbi
1030 1046 1263 1109 adiunxit,
1299 1046 1457 1095 fossas
1489 1048 1615 1095 circa

99 1132 278 1166 murum
306 1115 450 1165 duxit.
490 1117 668 1167 Primus
690 1119 892 1166 omnium
924 1131 1115 1164 censum
1146 1115 1403 1179 ordinavit,
1439 1118 1517 1180 qui
1536 1116 1615 1165 ad·

101 1187 191 1235 huc
219 1200 306 1250 per
334 1186 495 1236 orbem
518 1195 753 1236 ,terrarum
782 1187 1049 1249 incognitus
1079 1192 1194 1234 erat.
1247 1186 1343 1234 Sub
1378 1199 1437 1234 eo
1467 1185 1617 1235 Roma

103 1255 313 1307 omnibus
333 1256 380 1303 in
401 1271 594 1305 censum
615 1256 783 1305 delatis
803 1254 963 1304 habuit
983 1257 1185 1318 capitum
1205 1271 1381 1303 nxxxm
1401 1255 1526 1304 milia
1551 1257 1615 1303 oi-

101 1326 223 1373 vium
241 1323 556 1375 Romanorum
577 1341 682 1375 cum
699 1327 782 1388 iis,
817 1326 895 1389 qui
915 1326 961 1373 in
981 1325 1106 1388 agris
1128 1332 1269 1373 erant.
1320 1323 1520 1373 Occisus
1544 1332 1617 1373 est

99 1411 206 1444 ην.
227 1395 413 1459 imperii
433 1410 555 1445 anno
576 1395 763 1445 scelere
778 1396 943 1459 generi
965 1395 1036 1442 sui
1048 1392 1305 1457 Tarquinii,
1322 1394 1402 1443 filii
1422 1395 1524 1443 eius
1542 1410 1615 1443 re-

100 1466 193 1528 gis,
222 1464 297 1511 cui
320 1464 426 1527 ipse
451 1472 769 1527 successerat,
793 1471 839 1513 et
862 1464 1002 1526 filiae,
1024 1479 1158 1527 quam
1174 1463 1450 1528 Tarquinius
1471 1465 1614 1514 habe·
1636 1516 1643 1524 ,

103 1533 181 1582 bat
200 1547 410 1582 uxorem.

207 1644 347 1694 Gn.
366 1642 495 1693 vl11.
528 1638 684 1706 (Vll.)
734 1644 905 1694 Lucius
927 1644 1203 1709 Tarquinius
1230 1645 1502 1709 SuperbuS,
1537 1661 1612 1695 se-

100 1715 269 1777 ptimus
290 1721 431 1778 atque
448 1711 634 1762 ultimus
654 1727 836 1778 regum,
863 1713 1088 1777 Volscos,
1113 1730 1234 1778 quae
1254 1731 1374 1778 gens
1394 1715 1452 1763 ad
1478 1714 1608 1765 Cam·
1638 1734 1723 1769 au,

99 1784 281 1847 puniam
301 1783 516 1832 euntibus
547 1794 641 1828 non
659 1784 804 1847 longe
829 1785 886 1832 ab
916 1783 1031 1832 urbe
1053 1791 1152 1846 est,
1182 1786 1313 1846 vicit,
1342 1784 1518 1834 Gabios
1545 1787 1609 1834 ci·
1636 1790 1712 1824 2²⁰-

97 1854 287 1902 vitatem
305 1860 354 1901 et
373 1853 595 1901 Suessam
621 1848 875 1901 Pometiam
894 1853 1099 1915 subegit,
1137 1867 1241 1900 cum
1261 1852 1428 1902 Tuscis
1450 1868 1615 1917 pacem

98 1922 230 1985 fecit,
250 1929 297 1971 et
323 1921 547 1986 templum
566 1918 669 1970 Iovi
690 1924 734 1971 in
757 1920 993 1985 Capitolio
1013 1921 1292 1971 aedificavit.
1340 1922 1511 1972 Postea
1529 1924 1615 1972 Ar·

99 1991 233 2041 deam
252 2005 551 2056 oppugnans,
580 1991 627 2039 in
647 1999 818 2040 octavo
840 1992 1023 2040 decimo
1048 1991 1246 2040 miliario
1276 1993 1334 2041 ab
1355 1993 1471 2042 urbe
1488 1995 1615 2057 posi·

98 2069 189 2111 tam
210 2063 461 2121 civitatem,
484 2062 731 2124 imperium
751 2061 971 2125 perdidit.
1013 2061 1129 2110 Nam
1150 2076 1255 2110 cum
1274 2062 1395 2111 filius
1417 2065 1537 2125 eius,
1572 2070 1618 2110 et

98 2133 204 2195 ipse
222 2130 518 2196 Tarquinius,
536 2131 706 2192 iunior,
737 2131 1074 2181 nobilissimam
1094 2131 1312 2181 feminam
1335 2131 1614 2194 Lucretiam,

99 2199 389 2264 eandemque
414 2199 780 2264 pudicissimam,
821 2199 1038 2249 Collatini
1068 2216 1292 2264 uxorem,
1335 2210 1614 2267 stuprasset,

100 2283 253 2333 eaque
277 2268 336 2317 de
368 2270 534 2318 iniuria
555 2271 718 2318 marito
747 2278 795 2318 et
826 2271 944 2333 patri
975 2277 1023 2318 et
1047 2272 1210 2319 amicis
1240 2279 1408 2335 questa
1428 2272 1613 2334 fuisset,

98 2340 145 2386 in
176 2339 378 2387 omnium
406 2345 669 2402 conspectu
697 2355 751 2388 se
772 2339 962 2388 occidit.
1020 2339 1216 2403 Propter
1237 2355 1374 2405 quam
1401 2356 1613 2390 caussam

98 2406 290 2470 Brutus,
325 2423 494 2472 parens
525 2410 702 2472 etipse
721 2408 985 2474 Tarquinii,
1025 2409 1251 2473 populum
1287 2412 1539 2460 concitavit
1569 2419 1615 2459 et

98 2475 353 2542 Tarquinio
378 2477 551 2527 ademit
570 2480 830 2544 imperium.
878 2478 991 2528 Mox
1011 2480 1246 2528 exercitus
1267 2494 1459 2544 quoque
1488 2496 1610 2542 eum,

99 2548 179 2611 qui
201 2548 435 2596 civitatem
453 2547 654 2598 Ardeam
674 2563 779 2598 cum
797 2551 903 2614 ipso
923 2564 1041 2613 rege
1060 2551 1378 2614 oppugnabat,
1399 2550 1612 2615 reliquit:

98 2617 390 2681 veniensque
421 2617 478 2666 ad
515 2618 677 2668 urbem
718 2634 803 2669 rex
842 2620 992 2683 portis
1030 2619 1204 2670 clausis
1251 2620 1473 2669 exclusus
1518 2628 1611 2683 est,

99 2701 300 2750 cumque
330 2688 610 2751 imperasset
637 2703 782 2738 annos
814 2690 979 2753 viginti
1001 2692 1234 2754 quinque,
1270 2705 1374 2739 cum
1399 2704 1548 2740 uxore
1569 2698 1616 2740 et

99 2755 261 2805 liberis
287 2758 384 2805 suis
411 2757 545 2820 fugit.
582 2755 652 2807 lta
670 2757 850 2807 Romae
867 2766 1109 2823 regnatum
1138 2767 1211 2809 est
1232 2774 1320 2823 per
1337 2768 1521 2825 septem
1540 2776 1614 2809 re·

101 2840 187 2888 ges
206 2828 336 2876 annis
359 2826 571 2876 ducentis
593 2826 895 2891 quadraginta
929 2829 1077 2877 tribus
1092 2866 1106 2891 ‚
1141 2844 1244 2878 cum
1276 2828 1427 2879 adhuc
1446 2829 1612 2886 Roma,
