2026 3238
741 200 1077 245 LlBERVl.
1608 194 1674 245 37

164 334 250 396 cia,
271 335 458 383 tertium
484 337 529 383 in
549 333 841 396 Macedonia,
865 335 1134 398 quartumin
1152 331 1394 382 Dalmatia.
1429 333 1545 382 Nam
1566 334 1673 383 Ser·

161 404 325 467 torius,
349 406 427 468 qui
443 406 640 469 partium
651 402 955 453 Marianarum
972 403 1140 464 fuerat,
1162 404 1327 451 timens
1346 403 1574 452 fortunam
1595 418 1673 451 ce-

159 480 382 535 terorum,
407 475 485 538 qui
501 475 767 537 interempti
780 480 934 535 erant,
965 471 1023 521 ad
1040 470 1215 520 bellum
1237 474 1488 521 commovit
1506 471 1672 536 Hispa-

104 579 110 586 ,.
160 544 277 591 nias.
333 541 467 591 Missi
485 550 593 591 sunt
611 550 770 591 contra
788 557 895 590 eum
915 542 1061 590 duces
1093 540 1148 600 Q.
1176 540 1414 591 Caecilius
1434 541 1672 603 Metellus,

162 611 283 660 lilius
301 613 424 673 eins,
448 614 526 677 qui
546 610 814 675 inglu-tham
833 626 995 675 reg-em
1004 612 1134 672 vicit,
1157 617 1205 659 et
1221 609 1517 660 L.D01nitius
1537 625 1673 674 prae-

158 688 246 730 tor.
283 681 325 729 A
344 681 544 730 Sertorii
574 680 695 729 duce
715 680 945 730 Hirtuleio
966 681 1199 729 Domitius
1221 681 1412 730 occisus
1440 688 1528 729 est.
1573 679 1672 728 Me-

159 749 300 798 tellus
318 752 448 798 vario
470 765 699 799 successu
728 758 889 799 contra
908 751 1167 799 Sertorium
1198 749 1447 799 dimicavit.
1502 748 1674 799 Postea

160 833 263 867 cum
283 821 434 884 impar
447 834 635 884 pugnae
655 820 784 868 solus
797 818 1018 868 Metellus
1041 826 1296 882 putaretur,
1321 818 1406 868 Cn.
1420 818 1673 883 Pompeius

158 887 215 936 ad
241 886 490 953 ffispanias
508 891 681 938 missus
702 897 788 938 est.
831 888 901 938 Ita
919 887 1102 937 duobus
1124 887 1320 937 ducibus
1339 889 1553 938 adversis
1564 888 1672 937 Ser-

158 959 305 1006 torius
331 958 516 1009 fortuna
532 960 660 1008 varia
679 972 827 1022 saepe
842 959 1086 1022 pugnavit.
1144 955 1325 1007 Octavo
1347 957 1531 1006 deinum
1549 971 1671 1006 anno
1693 977 1782 1013 μυ,

158 1041 184 1075 a
205 1029 302 1076 suis
322 1030 513 1077 occisus
535 1036 622 1079 est.
654 1027 716 1077 Et
735 1029 837 1076 finis
858 1030 900 1076 ei
922 1026 1048 1076 bello
1066 1026 1204 1075 datus
1223 1034 1298 1076 est
1317 1040 1404 1090 per
1430 1026 1512 1076 Gn.
1537 1026 1672 1076 Pom-
1701 1033 1776 1070 ⁰8⁰.

159 1098 316 1159 poium
356 1097 709 1146 adolescentem
750 1104 796 1145 et
824 1096 882 1157 Q.
911 1095 1154 1146 Metellum
1187 1094 1318 1144 Pium
1344 1104 1484 1161 atque
1507 1111 1675 1145 omnes

158 1179 310 1229 prope
321 1165 573 1231 Hispaniae
594 1169 640 1216 in
663 1166 897 1215 dicionem
913 1164 1076 1230 populi
1096 1164 1291 1214 Romani
1311 1165 1530 1215 redactae
1551 1173 1672 1214 sunt.

263 1251 406 1301 Car.
437 1249 496 1300 11.
556 1250 630 1299 Ad
664 1250 986 1300 Macedoniarn
1011 1253 1182 1299 missus
1220 1259 1295 1299 est
1323 1251 1508 1315 Appius
1539 1249 1675 1300 Clau·
1691 1259 1786 1295 ΑΒ.

157 1321 275 1370 dius.
328 1318 444 1369 Post
471 1319 762 1369 consulatum
789 1319 912 1369 levia
934 1320 1114 1383 proelia
1143 1320 1304 1369 habuit
1333 1327 1494 1369 contra
1522 1323 1676 1370 varias
1698 1314 1777 1353 ⁶⁷⁴·

155 1396 343 1454 gentes,
378 1404 499 1455 quae
516 1388 799 1453 Rhodopam
821 1391 1108 1454 provinciam
1126 1389 1422 1451 incolebant,
1451 1398 1590 1454 atque
1610 1391 1673 1439 ibi

157 1458 321 1507 morbo
351 1466 562 1508 mortuus
591 1466 679 1510 est.
734 1458 910 1508 Missus
949 1461 994 1507 ei
1022 1470 1280 1508 successor
1307 1458 1366 1507 G.
1399 1459 1674 1508 Scribonius
1693 1485 1785 1520 ΑΒ,

159 1527 302 1578 Curio
324 1535 434 1592 post
459 1528 768 1579 consulatum.
799 1527 847 1577 is
867 1527 1113 1577 Dardanos
1133 1529 1247 1577 vicit
1270 1536 1316 1577 et
1330 1541 1487 1593 ‘usque
1509 1528 1566 1577 ad
1585 1528 1678 1578 Da·
1707 1541 1782 1575 6⁷7.

155 1598 346 1647 nubium
382 1598 662 1662 penetravit,
695 1598 1078 1661 triumphumque
1108 1599 1275 1646 meruit
1304 1605 1358 1646 *et
1392 1600 1509 1646 intra
1542 1599 1787 1646 trien-Av-

155 1668 281 1716 nium
294 1667 437 1716 finem
455 1666 583 1716 bello
603 1666 747 1715 dedit.
1711 1655 1784 1689 8⁸¹-

269 1749 410 1799 Car.
432 1747 515 1799 111.
565 1749 639 1797 Ad
661 1748 874 1798 Ciliciam
906 1756 952 1797 et
983 1748 1300 1814 Pamphyliam
1321 1752 1495 1799 missus
1526 1759 1599 1799 est
1623 1748 1672 1802 Ρ.

158 1817 387 1868 Servilius
415 1832 475 1868 ex
504 1818 726 1880 consule,
761 1820 833 1866 vir
859 1825 1092 1869 strenuus
1145 1818 1192 1867 Is
1221 1817 1433 1868 Ciliciam
1466 1818 1673 1884 subegit,
1691 1823 1782 1861 Λ-ΰ-

156 1887 330 1951 Lyciae
358 1888 502 1937 nrbes
525 1886 809 1937 clarissimas
829 1890 1122 1952 oppugnavit
1139 1896 1186 1937 et
1214 1889 1366 1952 cepit,
1400 1889 1449 1937 in
1464 1889 1541 1937 his
1558 1887 1675 1939 Pha·
1699 1878 1776 1915 ⁶⁷⁴·

156 1957 371 2020 aelidem,
387 1955 655 2021 Olympum,
669 1955 904 2019 Corycum
922 1955 1136 2007 Ciliciae.
1174 1955 1364 2006 Isauros
1385 1971 1576 2023 quoque
1593 1974 1674 2022 ag-

156 2042 352 2091 gressus
373 2026 431 2076 ad
450 2026 736 2076 deditionem
755 2025 958 2091 redegit,
980 2035 1121 2092 atque
1143 2028 1260 2076 intra
1278 2028 1525 2076 triennium
1545 2027 1674 2077 bello

157 2097 294 2145 linem
315 2095 456 2146 dedit.
501 2095 682 2146 Primus
702 2097 904 2146 omnium
922 2094 1239 2146 Romanorum
1257 2097 1304 2145 in
1323 2093 1477 2145 Tauro
1498 2099 1587 2146 iter
1606 2097 1674 2146 fe-

157 2167 236 2214 cit.
269 2163 536 2215 Revertens
548 2165 830 2229 triumphum
841 2167 1028 2230 accepit
1041 2173 1088 2214 et
1096 2180 1267 2214 nomen
1275 2164 1471 2215 Isaurici
1490 2168 1673 2216 meruit.

267 2260 407 2310 Gar.
428 2258 509 2309 IV.
561 2259 636 2309 Ad
658 2259 895 2323 Illyricum
921 2261 1093 2309 missus
1119 2268 1192 2310 est
1222 2259 1276 2309 C.
1298 2259 1566 2310 Cosconius
1586 2276 1674 2327 pro

157 2328 368 2378 consule.
400 2328 589 2378 Multam
614 2337 794 2394 partem
813 2326 1072 2378 Dalmatiae
1091 2330 1298 2393 subegit,
1327 2329 1524 2379 Salonas
1545 2332 1675 2395 cepit

155 2407 201 2447 et
218 2399 485 2461 courposito
503 2397 632 2447 bello
649 2398 844 2447 Rumam
862 2405 973 2462 post
990 2399 1226 2448 biennium
1244 2398 1399 2448 rediit.

254 2482 299 2530 C
311 2499 342 2531 Α
355 2497 402 2530 r.
423 2482 480 2530 V.
497 2481 635 2547 (lv.)
668 2482 841 2533 lhdem
864 2486 1156 2550 temporibus
1174 2483 1340 2534 consul
1358 2483 1421 2537 M.
1440 2483 1669 2534 Aemilius
1686 2491 1783 2528 ΔΜ·

150 2549 374 2615 Lepidus,
409 2550 561 2601 Catuli
581 2552 792 2617 collega,
822 2553 998 2604 bellum
1019 2554 1158 2605 civile
1177 2554 1327 2603 voluit
1348 2568 1665 2619 commovere,
1686 2546 1762 2581 ⁶⁷⁴·

150 2622 268 2670 intra
286 2628 441 2670 tamen
458 2637 594 2671 unm
616 2630 841 2672 aestatem
868 2632 1024 2674 motus
1052 2626 1154 2674 eius
1174 2637 1438 2689 oppressus
1464 2620 1551 2674 est.
1599 2622 1668 2674 Ita

150 2704 242 2739 une
269 2698 485 2754 tempore
511 2690 643 2742 multi
673 2692 810 2742 simul
843 2694 1063 2758 triumphi
1088 2694 1292 2756 fuerunt,
1313 2693 1492 2743 Metelli
1512 2708 1573 2743 ex
1588 2692 1668 2742 Hi·

150 2762 331 2823 spania,
358 2759 573 2829 Pompeii
592 2762 828 2812 sccundus
849 2778 908 2812 ex
926 2763 1166 2828 Hispania,
1191 2763 1411 2813 Curionis
1433 2779 1493 2813 ex
1509 2763 1668 2812 Mace-

149 2827 302 2887 donia,
327 2830 515 2879 Servilii
545 2845 605 2880 ex
628 2828 819 2881 Isauria.
