2026 3238
370 200 438 249 46
945 204 1349 251 EUTROPll

370 345 460 399 est,
485 339 562 401 qui
590 345 756 402 postea
767 339 1010 402 Augustus
1023 347 1095 387 est
1109 339 1258 388 dictus
1280 348 1325 387 et
1340 355 1493 388 rerum
1508 343 1700 404 potitus,
1731 339 1886 399 Quare

369 406 571 471 profecti
593 415 754 456 contra
770 407 1020 456 Antonium
1042 416 1139 457 tres
1161 409 1306 458 duces
1325 411 1539 458 vicerunt
1561 424 1682 458 eum.
1717 407 1888 459 Evenit

368 484 538 538 tamen,
561 485 610 525 ut
628 479 836 526 victores
859 477 1078 526 consules
1098 479 1234 528 ambo
1256 486 1562 538 morerentur.
1613 478 1771 539 Quare
1791 486 1887 529 tres

374 548 609 595 exercitus
629 549 706 595 uni
729 544 921 595 Caesari
939 548 1154 610 Augusto
1176 557 1442 612 paruerunt.
1533 604 1543 613 ‚

475 643 515 692 C
531 661 561 692 A
578 660 621 691 r.
647 642 709 691 11.
761 641 968 706 Fugatus
994 643 1221 692 Antonius
1245 645 1416 692 amisso
1438 645 1648 693 exercitu
1676 644 1888 708 confugit

367 713 423 761 ad
443 712 695 776 Lepidum,
737 714 815 776 qui
840 710 1030 762 Caesari
1059 714 1282 777 magister
1301 715 1508 777 equitum
1530 713 1682 762 fuerat
1712 720 1759 761 et
1792 721 1886 762 tum

367 783 531 846 copias
564 781 758 830 militum
784 782 985 845 grandes
1025 783 1242 831 habebat.
1306 783 1348 830 A
1379 797 1472 847 quo
1509 791 1759 846 susceptus
1795 790 1884 831 est.

365 851 478 900 Mox
497 850 678 914 Lepido
701 865 892 915 operam
912 851 1050 900 dante
1072 849 1249 908 Caesar
1266 867 1368 900 cum
1396 852 1598 901 Antonio
1631 866 1795 916 pacem
1815 853 1883 900 fe-

367 923 430 970 cit
451 928 497 969 et
518 922 651 986 quasi
670 920 985 970 vindicaturus
1019 923 1164 984 patris
1184 923 1255 970 sui
1277 929 1499 985 mortem,
1540 937 1566 970 a
1589 936 1682 986 quo
1703 937 1790 986 per
1815 929 1884 970 te-

364 998 638 1039 stamentum
660 990 811 1038 fuerat
830 991 1101 1054 adoptatuS,
1131 989 1327 1039 Romam
1355 1006 1458 1039 eum
1494 993 1703 1039 exercitu
1727 991 1883 1055 profe-

365 1068 467 1108 ctus
491 1061 715 1120 extorsit,
750 1067 799 1107 ut
831 1060 920 1107 sibi
941 1076 1015 1109 xx.
1043 1074 1163 1108 anno
1192 1060 1462 1108 consulatus
1489 1060 1687 1108 daretur.
1724 1059 1883 1115 *Sena-

363 1137 458 1177 tum
486 1130 766 1192 proscripsit
796 1143 900 1176 cum
920 1129 1124 1177 Antonio
1155 1137 1202 1177 et
1233 1128 1412 1193 Lepido
1443 1136 1491 1177 et
1524 1144 1623 1177 rem
1650 1129 1882 1192 publicam

365 1200 503 1247 armis
522 1205 683 1246 tenere
706 1199 881 1262 coepit.
935 1197 1023 1246 Per
1041 1199 1130 1247 hos
1150 1201 1286 1248 etiam
1309 1196 1480 1247 Cicero
1513 1206 1672 1248 orator
1692 1201 1880 1247 occisus

368 1275 442 1316 est
461 1267 686 1332 multique
707 1267 784 1316 alii
804 1267 1006 1316 nobiles.

470 1367 553 1415 CA
568 1382 611 1414 P.
636 1364 719 1413 111.
742 1364 856 1430 (ΙΙ.)
891 1365 1075 1414 Interea
1094 1364 1262 1413 Brutus
1286 1372 1333 1412 et
1352 1363 1545 1413 Cassius
1566 1402 1579 1427 ,
1613 1366 1878 1413 interfecto·

259 1443 345 1476 AM·
361 1451 439 1484 res
467 1433 716 1498 Caesaris,
756 1437 924 1499 ingens
945 1434 1118 1483 bellum
1152 1441 1412 1483 moverunt.
1474 1433 1617 1483 Erant
1644 1436 1765 1482 enim
1798 1448 1879 1498 per

267 1500 339 1534 ⁷¹⁰·
357 1504 681 1554 Macedoniam
702 1512 749 1552 et
764 1503 1001 1553 Orientem
1027 1503 1157 1552 multi
1182 1506 1438 1566 exercituS,
1468 1517 1587 1568 quos
1616 1518 1881 1567 occupave-

357 1583 472 1624 rant.
528 1574 732 1623 Profecti
770 1582 877 1622 sunt
907 1575 1050 1637 igitur
1082 1581 1241 1622 contra
1276 1587 1361 1621 eos
1394 1571 1570 1622 Caesar
1602 1573 1882 1623 Octavianus

356 1645 598 1708 Augustus
631 1652 678 1692 et
699 1643 762 1692 M.
783 1643 1013 1692 Antonius
1041 1644 1354 1706 (remanserat
1387 1645 1509 1691 enim
1534 1643 1592 1691 ad
1626 1643 1880 1692 defenden-

359 1714 461 1762 dam
473 1713 653 1762 Italiam
666 1712 914 1778 Lepidus).
952 1712 1090 1776 Apud
1105 1711 1365 1777 Philippos,
1381 1712 1688 1763 Macedoniae
1701 1713 1879 1775 urbem,

359 1791 519 1832 contra
551 1796 635 1831 eos
675 1790 1014 1847 pugnaverunt.
1071 1782 1224 1831 Primo
1250 1782 1434 1846 proelio
1459 1783 1572 1831 victi
1603 1790 1708 1830 sunt
1735 1781 1879 1831 Anto-

357 1855 461 1902 nius
483 1861 529 1901 et
555 1850 755 1915 Caesar,
796 1853 935 1915 periit
962 1860 1115 1900 tamen
1147 1851 1239 1899 dux
1263 1850 1519 1899 nobilitatis
1541 1850 1761 1914 Cassius,
1803 1866 1879 1899 se-

360 1923 514 1971 cundo
533 1922 724 1970 Brutum
745 1929 792 1970 et
811 1922 1033 1969 infinitam
1051 1920 1357 1981 nobilitatem,
1392 1935 1514 1984 quae
1534 1920 1754 1970 cumillis
1778 1920 1878 1969 bel-

358 1992 452 2040 lum
470 1998 706 2056 gesserat,
723 1991 893 2039 victam
913 1990 1263 2038 interfecerunt.
1303 1990 1373 2037 Ac
1394 1992 1464 2038 sic
1483 1991 1604 2039 inter
1623 2004 1709 2039 eos
1731 1991 1879 2038 divisa

359 2069 432 2109 est
462 2076 538 2109 res
567 2059 773 2123 publica,
806 2067 856 2108 ut
875 2059 1115 2123 Augustus
1135 2058 1400 2122 HispaniaS,
1434 2059 1606 2108 Gallias
1636 2067 1683 2108 et
1700 2059 1878 2108 ltaliam

357 2138 559 2190 teneret,
588 2128 818 2177 Antonius
837 2129 1025 2191 Asiam,
1053 2127 1264 2190 Pontum,
1289 2128 1542 2177 Orientem.
1608 2129 1703 2177 Sed
1725 2131 1771 2178 in
1789 2128 1877 2177 Ita-

244 2198 336 2232 Μ)-
355 2199 419 2249 lia
439 2199 490 2248 L.
511 2199 741 2247 Antonius
764 2198 929 2246 consul
947 2198 1120 2246 bellum
1143 2198 1282 2246 civile
1304 2200 1571 2261 commovit,
1599 2200 1744 2247 frater
1757 2200 1876 2260 eius,

261 2255 336 2289 ⁷¹¹·
359 2271 438 2334 qui
466 2284 571 2316 cum
594 2266 800 2317 Caesare
828 2275 987 2316 contra
1006 2267 1194 2316 Brutum
1227 2266 1536 2332 Cassiumque
1563 2267 1877 2317 dimicaverat.

244 2354 334 2389 μυ.
358 2338 405 2387 Is
425 2338 548 2403 apud
567 2337 825 2400 Perusiam,
848 2337 1050 2386 Tusciae
1071 2338 1323 2399 civitatem,
1346 2338 1499 2386 victus
1520 2345 1566 2386 et
1597 2344 1761 2401 captus
1784 2345 1875 2399 est,

260 2409 333 2444 ⁷¹²·
358 2423 515 2473 neque
535 2409 741 2456 occisus.

264 2498 355 2532 Α-ΰ·
466 2493 506 2540 C
524 2509 549 2539 A
568 2508 612 2538 P.
645 2489 724 2538 IV.
749 2488 886 2554 (ΙΙΙ.)
925 2489 1111 2538 Interim
1138 2506 1162 2538 a
1184 2490 1329 2538 Sexto
1351 2489 1603 2553 Pompeio,
1636 2490 1720 2538 Cn.
1743 2490 1874 2539 Pom·

272 2555 455 2625 ⁷¹²‘peii
475 2560 632 2624 Magni
665 2559 793 2621 filio,
826 2561 993 2622 ingens
1013 2559 1186 2607 bellum
1214 2560 1260 2607 in
1281 2559 1440 2607 Sicilia
1472 2567 1751 2608 commotum
1783 2566 1872 2620 est,

359 2633 435 2691 iis,
461 2631 538 2693 qui
560 2627 885 2691 superfuerant
913 2644 970 2676 ex
991 2630 1201 2692 partibus
1221 2628 1348 2676 Bruti
1375 2627 1651 2693 Cassiique,
1693 2629 1749 2677 ad
1770 2638 1874 2676 eum

363 2699 720 2747 confluentibus.
762 2696 988 2746 Bellatum
1010 2713 1094 2761 per
1114 2697 1363 2746 Caesarem
1384 2694 1645 2762 Augustum
1662 2697 1874 2746 Octavia-

245 2782 338 2817 ιο.
359 2783 466 2817 num
501 2775 547 2814 et
583 2766 647 2814 M.
678 2766 927 2814 Antonium
963 2767 1187 2815 adversus
1218 2767 1408 2815 Sextum
1437 2766 1724 2832 Pompeium.
1763 2764 1874 2814 ‘Pax

264 2839 338 2874 ⁷¹³-
361 2845 600 2902 postremo
629 2837 863 2884 convenit.
