2026 3238
287 580 327 611 P.

252 637 340 671 c.N.

263 696 338 728 ⁶297.

290 928 331 960 P.

249 984 337 1018 GN.

264 1042 340 1074 299.

367 152 433 203 70
958 163 1320 209 EUTROPII

367 297 615 343 contractis
638 299 969 361 copiisrursus
992 313 1095 346 cum
1115 298 1297 348 Narseo
1312 337 1326 362 ,
1356 299 1632 348 Hormisdae
1658 308 1705 347 et
1728 301 1875 364 Sapo-

364 363 428 410 ris
454 378 560 427 av0,
583 367 628 414 in
647 366 866 416 Armenia
891 369 1053 416 maiori
1074 371 1296 432 pugnavit
1315 384 1543 417 successu
1568 370 1760 433 ingenti,
1788 385 1876 418 nec

364 433 543 483 minore
554 437 751 485 oonsilio
764 437 995 501 simulque
1013 437 1300 501 fortitudine,
1315 441 1490 503 quippe
1512 440 1591 502 qui
1611 440 1748 487 etiam
1767 454 1874 502 spe·

365 502 588 554 culatoris
627 522 790 554 munus
827 522 933 555 cum
969 507 1115 555 altero
1152 523 1208 556 ac
1237 510 1374 557 tertio
1404 509 1562 572 equite
1595 509 1874 572 susceperit.

358 569 498 622 Pulso
519 574 701 624 Narseo
723 584 873 625 castra
891 578 992 624 eius
1011 576 1214 640 diripuit.
1249 578 1450 640 UxoreS,
1475 591 1684 640 sorores,
1698 577 1874 626 liberos

361 646 506 708 cepit,
529 645 751 694 infinitam
773 647 1065 694 extrinsecus
1098 646 1340 696 Persarum
1365 647 1679 709 nobilitatem,
1713 662 1874 711 gazam

364 713 596 762 Persicam
616 716 1006 778 copiosissimam.
1057 715 1220 780 Ipsum
1239 718 1286 765 in
1304 718 1487 766 ultimas
1510 719 1643 780 regni
1664 716 1873 765 solitudi-

362 799 444 832 nes
459 786 571 848 egit.
600 783 756 844 Quare
775 785 833 834 ad
848 785 1190 835 Diocletianum
1207 788 1253 834 in
1262 785 1605 851 Mesopotamia
1621 801 1725 834 cum
1739 801 1872 850 prae·

363 853 492 903 sidiis
511 862 608 903 tum
629 863 884 904 morantem
905 870 1048 904 ovans
1058 871 1308 920 regressus
1330 858 1506 921 ingenti
1520 858 1698 904 honore
1711 870 1873 904 susce-

364 931 471 988 ptus
491 933 580 973 est.
635 925 781 974 Varia·
801 925 1026 989 deinceps
1059 934 1105 974 et
1131 925 1266 974 simul
1283 934 1336 974 ¹et
1360 928 1530 974 viritim
1555 925 1680 975 bella
1707 940 1874 990 gesse-

362 1001 483 1056 runt,
508 993 673 1058 Carpis
695 1002 740 1043 et
756 994 994 1043 Basternis
1015 996 1239 1057 subactis,
1262 996 1482 1044 Sarmatis
1499 997 1655 1056 victis,
1685 1009 1874 1058 quarum

362 1065 597 1112 nationum
625 1066 841 1127 ingentes
871 1066 1160 1128 captivorum
1191 1066 1353 1128 copias
1383 1066 1428 1113 in
1455 1064 1679 1113 Romanis
1708 1064 1874 1112 tinibus

360 1133 652 1182 locaverunt.

466 1203 607 1253 cn.
630 1201 800 1253 XXVI.
815 1201 993 1269 (XVI.)
1020 1203 1342 1252 Diocletianus
1358 1211 1563 1253 moratus
1584 1203 1751 1253 callide
1770 1203 1873 1266 fuit,

361 1288 507 1338 sagax
527 1281 772 1337 praeterea
801 1281 849 1322 et
868 1272 1113 1322 admodum
1133 1273 1315 1322 subtilis
1336 1275 1544 1338 ingenio,
1573 1274 1718 1337 etqui
1739 1287 1874 1321 seve-

359 1344 540 1392 ritatem
559 1358 688 1393 suam
707 1343 860 1392 aliena
880 1342 1050 1392 invidia
1067 1342 1214 1392 vellet
1233 1343 1444 1408 explere.
1474 1342 1875 1407 Diligentissimus

360 1421 513 1462 tamen
539 1420 587 1462 et
615 1412 970 1463 sollertissimus
1000 1415 1240 1477 princeps,
1278 1420 1324 1461 et
1344 1414 1422 1478 qui
1447 1414 1644 1476 imperio
1665 1412 1876 1460 Romano

362 1484 536 1547 primus
564 1485 728 1547 regiae
759 1482 1111 1532 consuetudinis
1129 1483 1322 1531 formam
1341 1484 1490 1546 magis
1504 1520 1518 1544 ,
1552 1497 1689 1546 quam
1707 1481 1871 1530 Roma·

362 1568 449 1602 nae
479 1551 708 1601 libertatis
735 1553 911 1602 invexit
936 1551 1215 1617 adorarique
1236 1568 1289 1600 se
1317 1553 1478 1614 iussit,
1519 1567 1624 1600 cum
1643 1559 1752 1601 ante
1772 1566 1876 1599 eum

364 1624 517 1670 cuncti
549 1622 870 1671 salutarentur.
929 1622 1205 1671 Ornamenta
1232 1637 1516 1686 gemmarum
1540 1621 1750 1670 vestibus
1785 1619 1875 1669 cal·

363 1693 715 1756 ceamentisque
743 1691 920 1740 indidit.
973 1691 1090 1741 Nam
1111 1693 1248 1756 prius,
1270 1693 1453 1756 imperii
1476 1692 1660 1756 insigne
1685 1692 1733 1739 in
1753 1689 1876 1739 chla-

362 1761 499 1824 myde
518 1776 752 1825 purpurea
771 1770 944 1810 tantum
965 1770 1080 1824 erat,
1100 1761 1281 1827 reliqua
1303 1763 1578 1811 communia.

463 1831 607 1882 GAr.
627 1830 821 1880 XXVII.
872 1831 1120 1880 Herculius
1142 1839 1295 1880 autem
1316 1830 1557 1895 propalam
1579 1830 1707 1879 ferus
1737 1837 1786 1878 et
1810 1831 1877 1878 in-

363 1900 513 1949 civilis
537 1902 740 1966 ingenii,
778 1902 1080 1967 asperitatem
1099 1916 1228 1950 suam
1249 1903 1387 1949 etiam
1415 1900 1571 1949 vultus
1590 1900 1786 1948 horrore
1817 1900 1878 1947 si·

364 1971 604 2034 gnificans.
653 1970 743 2019 Hic
752 1977 942 2021 naturae
963 1985 1078 2019 suae
1091 1969 1338 2034 indulgens
1348 1970 1647 2018 Diocletiano
1667 1971 1714 2018 in
1733 1970 1878 2017 omni-

362 2042 466 2102 bus,
494 2043 633 2089 etiam
657 2041 978 2089 severioribus
1005 2039 1233 2103 consiliiS,
1263 2041 1519 2088 obsecutus
1540 2047 1628 2087 est.
1671 2037 1789 2088 Cum
1811 2045 1877 2087 ta-

362 2124 468 2157 men
495 2111 854 2173 ingravescente
889 2125 1010 2159 aevo
1036 2124 1198 2174 parum
1227 2125 1279 2158 se
1306 2109 1526 2158 idoneum
1552 2108 1879 2157 Diocletianus

363 2178 646 2228 moderando
668 2181 868 2243 imperio
891 2195 1000 2228 esse
1020 2181 1232 2240 sentiret,
1255 2187 1420 2228 auctor
1435 2178 1662 2227 Herculio
1683 2178 1795 2240 fuit,
1831 2184 1880 2225 ut

366 2250 408 2297 in
439 2250 662 2312 privatam
685 2250 826 2298 vitam
864 2249 1181 2298 concederent
1217 2256 1266 2298 et
1300 2250 1548 2298 stationem
1573 2247 1777 2296 tuendae
1810 2247 1879 2295 rei

363 2318 582 2382 publicae
599 2318 899 2368 viridioribus
918 2318 1274 2382 iunioribusque
1299 2318 1581 2367 mandarent.
1629 2317 1716 2366 Cui
1736 2331 1880 2380 aegre

335 2425 343 2432 .
366 2387 552 2452 collega
571 2388 924 2452 obtemperavit.
982 2387 1156 2437 Tamen
1173 2395 1374 2453 uterque
1392 2403 1482 2437 una
1501 2387 1579 2436 die
1598 2389 1780 2452 privato
1802 2387 1879 2434 lia·
1939 2396 1950 2408 ⁸

334 2459 463 2507 ·bitu
497 2459 681 2522 imperii
717 2459 902 2523 insigne
935 2459 1155 2520 mutavit,
1194 2457 1500 2506 Nicomediae
1538 2457 1878 2516 DiocletianuS,

365 2527 615 2576 Herculius
629 2526 901 2590 Mediolani,
930 2535 1039 2592 post
1058 2528 1338 2591 triumphum
1356 2527 1595 2589 inclutum,
1629 2541 1768 2590 quem
1785 2525 1879 2574 Ro-

336 2610 345 2618 ·
366 2612 470 2646 mae
489 2612 550 2646 ex
567 2599 829 2646 numerosis
848 2598 1065 2660 gentibus
1093 2604 1301 2660 egerant,
1334 2610 1507 2660 pompa
1526 2596 1810 2645 ferculorum
1828 2593 1878 2641 il-

366 2666 518 2728 lustri,
541 2681 631 2730 qua
650 2665 817 2715 Narsei
838 2669 1067 2731 coniuges
1089 2681 1378 2730 sororesque
1397 2674 1445 2714 et
1463 2666 1614 2715 libere
1643 2673 1749 2714 ante
1779 2678 1875 2711 cur·

367 2751 468 2852 {um
492 2735 617 2817 ducti
638 2744 758 2784 sunt.
818 2735 1167 2785 concesserunt
1196 2744 1291 2784 tum
1313 2735 1508 2784 Salonas
1527 2751 1671 2796 unus,
1702 2732 1819 2782 alter
1836 2733 1881 2780 in

404 2819 628 2854 ucaniam.
