2026 3238
833 155 1159 201 LlBER-X.
1685 151 1748 202 75

236 292 418 342 mediae
438 293 483 340 in
503 290 610 339 villa
630 289 818 354 publica
839 290 971 338 obiit.
1020 290 1299 338 Denuntiata
1319 304 1444 343 mors
1478 291 1582 338 eius
1614 291 1752 338 etiam

236 377 321 426 per
341 362 549 410 crinitam
559 359 760 422 stellam,
783 373 905 424 quae
918 360 1170 408 inusitatae
1189 359 1518 423 magnitudinis
1530 358 1771 424 aliquam-²

235 433 310 480 diu
334 431 484 486 fulsit;
523 445 624 478 eam
645 427 814 478 Graeci
831 422 1078 494 κομκήπην
1105 436 1291 477 vocant.
1342 428 1498 492 Atque
1523 430 1644 477 inter
1669 428 1752 477 Di·

235 516 322 550 vos
348 502 514 549 meruit
534 500 717 548 referri.

342 570 382 618 G
396 587 428 619 A
443 586 487 618 P.
508 568 591 618 IX.
612 568 723 633 (V.)
767 568 1088 634 Successores
1109 568 1232 617 filios
1252 576 1349 617 tres
1369 567 1577 632 reliquit,
1612 575 1754 632 atque
1797 578 1838 609 Ρ-

236 654 371 688 unum
394 639 547 688 fratris
568 637 725 686 lilium.
764 634 1201 686 VerumDalmatius
1217 636 1411 701 Caesar,
1434 640 1753 701 prosperrima
1775 634 1867 669 0³*-

235 708 392 757 indole
420 723 575 771 neque
604 714 769 771 patruo
795 707 1039 769 absimilis,
1086 707 1207 756 haud
1234 707 1379 756 multo
1409 715 1520 771 post
1551 722 1751 771 oppres·
1773 691 1847 724 ³³⁸·

234 790 314 826 sus
336 786 408 826 est
429 778 633 826 factione
647 775 829 825 militari
850 784 897 825 et
908 775 1200 840 Constantio,
1224 777 1435 841 patruele
1448 792 1555 840 suo,
1570 778 1751 826 sinente

232 848 391 911 potius
427 861 562 910 quam
595 847 802 895 iubente.
859 845 1208 895 Constantinum
1243 861 1388 911 porro
1423 847 1551 896 fratri
1578 846 1751 895 bellum
1795 865 1838 898 P.

232 917 512 965 inferentem
549 923 598 964 et
626 914 749 979 apud
776 915 1043 980 Aquileiam
1073 916 1383 965 inconsultius
1410 917 1642 979 proelium
1669 931 1750 980 ag-
1773 921 1863 955 C·N-

233 1001 451 1050 gressum
472 984 740 1034 Constantis
771 985 918 1034 duces
950 987 1297 1034 interemerunt.
1357 985 1426 1035 Ita
1462 1001 1540 1034 res
1567 985 1755 1049 publica
1774 977 1848 1011 ³⁴⁶·

234 1055 291 1103 ad
311 1055 430 1103 duos
448 1054 692 1118 Augustos
711 1054 919 1103 redacta.
953 1053 1222 1104 Constantis
1242 1057 1485 1119 imperium
1517 1063 1755 1104 strenuum

234 1123 516 1189 aliquamdiu
549 1132 596 1172 et
625 1125 795 1173 iustum
814 1124 918 1173 fuit.
967 1123 1080 1173 Mox
1108 1140 1212 1173 cum
1234 1132 1281 1173 et
1298 1125 1564 1174 valetudine
1581 1126 1755 1189 impro-

235 1209 375 1257 spera
397 1201 445 1242 et
462 1195 625 1243 amicis
647 1195 942 1258 pravioribus
965 1202 1196 1257 uteretur,
1232 1194 1290 1243 ad
1321 1196 1481 1258 gravia
1509 1196 1622 1243 vitia
1645 1209 1755 1243 con·

234 1278 421 1326 versus,
445 1278 550 1311 cum
569 1262 878 1313 intolerabilis
900 1264 1284 1328 provincialibus,
1304 1264 1526 1313 militibus
1545 1265 1756 1312 iniucun-
1799 1296 1843 1329 p,

236 1333 323 1381 dus
354 1340 514 1392 esset,
552 1333 758 1381 factione
796 1333 1050 1397 Magnentii
1087 1336 1277 1382 occisus
1320 1341 1409 1382 est.
1475 1333 1602 1382 Obiit
1637 1332 1758 1382 haud
1777 1353 1868 1387 ux,

237 1403 380 1466 longe
400 1403 457 1451 ab
477 1401 713 1466 Hispaniis
739 1404 786 1451 in
809 1410 980 1465 castro,
1010 1405 1084 1451 cui
1105 1403 1316 1452 Helenae
1334 1417 1505 1452 nomen
1525 1410 1614 1466 est,
1636 1416 1756 1451 anno
1776 1409 1851 1444 3⁵⁰-

237 1473 421 1535 imperii
447 1471 630 1520 decimo
657 1472 883 1536 septime,
925 1475 1089 1521 aetatis
1115 1473 1358 1536 trigesimo
1377 1510 1391 1534 ,
1430 1474 1572 1521 rebus
1604 1480 1758 1521 tamen
1794 1467 1798 1473 ’

241 1541 447 1605 plurimis
470 1548 659 1589 strenue
688 1542 735 1590 in
759 1541 922 1590 militia
941 1543 1120 1605 gestis,
1150 1543 1475 1606 exercituique
1500 1557 1587 1606 per
1618 1556 1756 1590 omne

239 1612 362 1660 vitae
380 1619 566 1675 tempus
591 1612 693 1659 sine
710 1611 842 1675 gravi
864 1611 1140 1660 crudelitate
1168 1611 1409 1660 terribilis.

343 1681 427 1729 CA
441 1697 485 1729 ι».
507 1680 565 1728 Χ.
588 1678 723 1746 (Vl.)
755 1679 955 1729 Diversa
975 1679 1237 1729 Constantii
1258 1680 1442 1730 fortuna
1460 1681 1564 1729 fuit.
1589 1681 1631 1730 A
1646 1680 1755 1729 Per-

240 1752 305 1800 sis
337 1752 457 1798 enim
477 1749 618 1798 multa
649 1757 698 1798 et
715 1751 876 1813 gravia
895 1765 1171 1814 perpessus,
1209 1763 1354 1813 saepe
1375 1751 1525 1813 captis
1546 1750 1753 1814 oppidis,

240 1821 453 1868 obsessis
474 1819 684 1880 urbibus,
727 1821 881 1867 caesis
902 1820 1207 1883 exercitibus,
1238 1819 1509 1883 nullumque
1529 1821 1573 1867 ei
1596 1827 1757 1868 contra
1796 1829 1839 1863 Ρ.

239 1891 467 1954 Saporem
486 1903 768 1953 prosperum
789 1889 1020 1952 proelium
1045 1889 1149 1951 fuit,
1186 1890 1276 1937 nisi
1297 1888 1424 1952 quod
1448 1888 1571 1953 apud
1591 1890 1758 1953 Singa·
1777 1886 1867 1921 ΟΝ·

237 1974 335 2008 ram
352 1958 473 2007 haud
494 1958 678 2007 dubiam
693 1959 936 2007 victoriam
954 1959 1134 2007 ferocia
1152 1958 1344 2006 militum
1362 1960 1542 2021 amisit,
1573 1960 1652 2023 qui
1667 1973 1757 2022 -pu-
1775 1942 1840 1976 ⁸⁴⁸

238 2043 375 2093 gnam
412 2028 640 2076 seditiose
668 2035 715 2076 et
741 2028 914 2076 stolide
945 2036 1104 2076 contra
1132 2030 1360 2076 rationem
1399 2027 1511 2076 belli
1554 2028 1629 2076 die
1666 2030 1756 2076 iam
1799 2058 1842 2091 p,

242 2100 483 2162 praecipiti
505 2105 844 2161 poposcerunt.
879 2097 992 2146 Post
1011 2097 1281 2146 Constantis
1299 2111 1467 2145 necem
1486 2096 1756 2162 Magnentio
1775 2114 1869 2150 eis.

240 2167 434 2228 ltaliam,
463 2167 686 2228 Africam,
714 2165 886 2215 Gallias
906 2167 1146 2215 obtinente
1164 2168 1303 2214 etiam
1321 2165 1558 2227 Illyricum
1577 2182 1655 2215 res
1667 2180 1758 2215 ·no-
1777 2170 1853 2204 ³⁶⁰·

246 2251 322 2284 vas
364 2236 546 2299 habuit,
587 2235 874 2284 Vetranione
912 2234 970 2284 ad
1006 2236 1253 2299 imperium
1291 2249 1526 2284 consensu
1562 2235 1757 2284 militum

242 2306 412 2353 electo.
473 2304 624 2364 Quem
647 2304 960 2368 grandaevum
986 2306 1075 2353 iam
1103 2313 1151 2353 et
1182 2307 1362 2353 cunctis
1386 2305 1630 2353 amabilem
1658 2305 1757 2353 diu·

242 2376 456 2422 tul-nitate
478 2382 524 2422 et
543 2373 771 2423 felicitate
790 2374 980 2423 militiae
1004 2374 1062 2423 ad
1081 2374 1301 2422 tuendum
1319 2373 1557 2435 Illyricum
1587 2375 1755 2438 princi·

242 2459 349 2508 pem
376 2451 675 2506 creaverunt,
714 2445 862 2492 virum
888 2444 1085 2508 probum
1106 2452 1153 2492 et
1177 2457 1356 2492 morum
1373 2452 1584 2492 veterum
1611 2458 1668 2492 ac
1689 2446 1757 2492 iu-

172 2551 178 2556 .
243 2512 421 2561 cundae
446 2512 698 2575 civilitatiS,
724 2513 809 2562 sed
831 2515 1031 2562 omnium
1051 2513 1311 2562 liberalium
1331 2514 1494 2562 artium
1516 2520 1755 2577 expertem

242 2582 378 2645 adeo,
412 2590 537 2631 utne
558 2582 787 2632 elementa
813 2583 999 2647 quidem
1020 2585 1165 2647 prima
1194 2583 1447 2646 literarum,
1474 2585 1563 2632 nisi
1589 2581 1755 2647 grand·

242 2667 386 2701 aevus
408 2659 454 2700 et
473 2653 562 2701 iam
582 2653 851 2716 imperator,
874 2655 1130 2717 acceperit.

349 2721 494 2770 CM».
515 2720 598 2770 xl.
646 2722 742 2770 Sed
772 2738 799 2771 a
825 2721 1123 2785 Constantio,
1165 2725 1244 2787 qui
1268 2723 1326 2771 ad
1349 2723 1572 2771 ultionem
1595 2723 1753 2770 frater·

242 2806 327 2839 nae
359 2793 490 2839 necis
519 2790 692 2839 bellum
721 2792 861 2840 civile
889 2800 1230 2854 commoverat,
1270 2793 1543 2856 abrogatum
1569 2798 1644 2840 est
1662 2790 1753 2838 Ve-
