2026 3238
756 163 979 209 LIBER
1018 165 1080 210 lv.
1609 162 1674 212 31

272 300 411 349 CAP.
439 298 591 348 XXII.
614 298 723 366 (X.)
766 297 901 347 Anno
930 315 1143 348 ncxxvn.
1171 299 1228 348 ab
1253 299 1369 347 urbe
1404 299 1589 348 condita
1620 297 1676 348 C.
1696 322 1785 356 mu,

162 367 356 418 Cassius
395 367 631 432 Longinus
673 375 722 417 et
762 368 874 417 Sex.
911 367 1144 416 Domitius
1191 367 1410 416 Calvinus
1454 368 1762 417 consulesne.

163 436 307 487 Gallis
328 437 622 502 transalpinis
644 436 817 486 bellum
846 437 1119 501 intulerunt,
1158 444 1206 486 et
1221 436 1538 486 Arvernorum
1564 445 1675 486 tunc

160 506 480 557 nobilissimae
504 507 677 555 civitati
690 514 830 571 atque
843 519 1004 555 eorum
1018 506 1123 555 duci
1134 506 1326 570 Bituito,
1355 506 1673 571 infinitamque

160 575 494 625 multitudinem
513 578 639 624 iuxta
654 575 927 625 Rhodanum
945 575 1133 625 fluvium
1153 577 1506 625 interfecerunt.
1535 575 1672 624 Prae-

161 645 218 694 da
238 661 298 694 ex
313 645 561 710 torquibus
584 643 819 694 Gallorum
838 646 1003 710 ingens
1023 645 1219 694 Romam
1248 645 1425 710 perlata
1452 653 1540 694 est.
1595 645 1671 693 Bi-

158 716 302 763 tuitus
330 729 385 763 se
410 713 618 763 Domitio
653 714 828 763 dedidit
864 723 1005 779 atque
1038 716 1095 764 ab
1127 728 1186 764 eo
1215 714 1408 764 Romam
1444 714 1672 763 deductus
1693 724 1784 758 ΑΜ.

158 791 248 847 est,
274 799 536 848 magnaque
554 784 706 848 gloria
739 784 958 833 consules
984 785 1119 832 ambo
1141 785 1551 848 triumphaverunt.
1688 779 1764 814 ⁶³3·

263 853 406 903 Car.
433 852 607 902 XXIII.
652 852 715 901 M.
751 852 920 902 Porcio
953 852 1129 901 Catone
1164 861 1210 902 et
1241 853 1299 913 Q.
1326 853 1503 902 Marcio
1533 853 1670 917 Rege
1692 866 1784 899 Α.υ.

158 936 284 972 coss.
311 938 542 974 nomm.
564 937 683 972 anno
704 923 761 971 ab
781 923 897 971 urbe
918 922 1102 971 condita
1119 921 1337 971 Narbona
1357 924 1403 970 in
1419 921 1566 971 Gallia
1590 935 1668 970 co·
1695 921 1771 955 ⁶³⁴·

155 991 278 1041 ¹onia
306 991 505 1041 deducta
533 999 623 1040 est.
676 991 847 1041 Postea
879 990 930 1039 L.
960 991 1153 1040 Metello
1190 999 1236 1040 et
1258 991 1317 1051 Q.
1345 989 1503 1040 Mucio
1525 991 1668 1040 Scae·
1690 979 1778 1069 *ἒξ*

157 1060 263 1110 vola
291 1075 421 1110 coss.
443 1061 503 1110 de
522 1060 751 1110 Dalmatia
770 1061 1096 1125 triumphatum
1118 1069 1207 1110 est.
1761 1061 1770 1069 '

262 1131 403 1180 cs».
422 1129 592 1179 XXIV.
638 1130 712 1179 Ab
733 1131 848 1179 urbe
872 1128 1057 1179 condita
1082 1143 1201 1179 anno
1227 1145 1430 1180 xxxvnc.
1464 1127 1517 1177 C.
1546 1127 1664 1178 Cato
1679 1150 1770 1184 My,

156 1199 319 1248 consul
333 1199 598 1248 Scordiscis
620 1199 770 1248 intulit
794 1198 968 1248 bellum
992 1201 1401 1263 ignominioseque
1425 1199 1666 1262 pugnavit.
1698 1206 1774 1241 6³8-

272 1268 312 1317 C
326 1285 414 1318 ΛΡ.
437 1268 586 1316 XXV.
627 1267 681 1317 C.
696 1267 907 1317 Caecilio
927 1267 1122 1317 Metello
1144 1276 1190 1316 et
1211 1266 1526 1317 Cn.Carbone
1540 1282 1667 1316 coss.
1690 1288 1779 1322 μ),

155 1337 246 1386 duo
266 1335 444 1386 Metelli
468 1337 636 1387 fratres
661 1337 830 1386 eodem
855 1337 948 1400 die,
985 1337 1179 1386 alterum
1203 1353 1263 1387 ex
1290 1336 1526 1399 Sardinia,
1553 1336 1666 1385 alte·
1696 1344 1773 1378 ⁶⁴1·

154 1422 252 1456 rum
279 1421 338 1456 ex
354 1405 549 1456 Thracia
568 1408 847 1472 triumphum
867 1413 1081 1471 egerunt,
1114 1408 1464 1471 nuntiatumque
1488 1405 1668 1455 Romae

156 1483 228 1525 est
248 1476 465 1526 Gimbros
491 1492 519 1525 e
547 1475 694 1526 Gallia
718 1478 765 1525 in
784 1475 961 1526 Italiam
983 1477 1224 1525 transisse.

262 1546 405 1594 Gar.
431 1545 600 1595 XXVI.
623 1544 758 1611 (XI.)
799 1545 849 1595 P.
878 1546 1105 1610 Scipione
1127 1545 1300 1596 Nasica
1327 1552 1375 1594 et
1400 1544 1450 1593 L.
1472 1543 1665 1608 Calpur·
1686 1557 1776 1594 Asi.

153 1616 231 1664 nio
251 1614 408 1664 Bestia
428 1630 554 1664 coss.
580 1614 858 1679 Iugurthae,
899 1614 1198 1664 Numidarum
1221 1616 1343 1682 regi,
1365 1613 1540 1663 bellum
1567 1613 1667 1662 illa·
1695 1613 1770 1649 343·

153 1692 248 1733 tum
267 1691 357 1748 est,
379 1684 505 1749 quod
524 1683 836 1733 Adherbalem
856 1691 904 1733 et
915 1684 1253 1748 Hiempsalem,
1277 1683 1511 1747 Micipsae
1526 1682 1667 1743 lilios,

153 1754 322 1803 fratres
342 1767 475 1816 suos,
511 1769 652 1817 reges
674 1761 721 1802 et
746 1752 795 1802 P.
819 1753 875 1802 R.
902 1754 1096 1816 amicos,
1124 1754 1454 1803 interemisset.
1493 1750 1668 1800 Missus

154 1822 380 1872 adversus
408 1838 512 1871 eum
547 1822 710 1871 consul
736 1821 1011 1885 Calpurnius
1040 1821 1225 1885 Bestia,
1262 1828 1512 1886 corruptus
1537 1822 1667 1884 regis

156 1893 370 1955 pecunia,
396 1906 562 1957 pacem
589 1906 692 1940 cum
714 1905 772 1940 eo
801 1890 1212 1955 flagitiosissimam
1235 1889 1375 1953 fecit,
1404 1904 1525 1955 quae
1543 1905 1570 1939 a
1589 1905 1664 1938 se·

152 1968 261 2010 natu
298 1962 557 2026 improbata
593 1968 680 2009 est.
741 1960 910 2009 Postea
936 1967 1097 2009 contra
1122 1959 1322 2010 eundem
1339 1996 1354 2023 ‚
1399 1960 1664 2024 insequenti
1685 1978 1770 2012 Asi.

153 2042 289 2093 anno,
322 2031 517 2095 Spurius
538 2030 802 2080 Postumius
830 2029 1026 2079 Albinus
1057 2029 1301 2094 profectus
1330 2036 1417 2077 est.
1466 2027 1513 2077 Is
1548 2042 1663 2093 quo·
1692 2034 1768 2067 6⁴⁴-

155 2114 247 2163 que
277 2114 363 2163 per
392 2100 578 2149 fratrem
618 2100 931 2163 ignominiose
968 2106 1128 2149 contra
1160 2098 1383 2148 Numidas
1423 2099 1662 2163 pugnavit.

260 2169 399 2218 CAP.
425 2167 617 2218 XXVII.
647 2167 806 2217 Tertio
816 2170 985 2216 missus
998 2167 1531 2227 QGaeciliusMetellus
1551 2181 1661 2215 con·
1683 2183 1761 2217 Aa]

155 2237 226 2286 sul
248 2239 504 2287 exercitum
522 2238 698 2301 ingenti
710 2238 961 2285 severitate
977 2243 1024 2285 et
1040 2235 1359 2286 moderatione
1380 2243 1660 2298 correctum,
1690 2238 1763 2275 645-

155 2321 258 2354 cum
285 2305 398 2354 nihil
430 2307 475 2354 in
502 2320 764 2370 quenquam
785 2313 1023 2354 cruentum
1047 2305 1249 2368 faceret,
1289 2304 1346 2353 ad
1372 2303 1665 2368 disciplinam

156 2375 405 2424 Romanam
438 2374 637 2424 reduxit.
698 2373 962 2439 Iugurtham
988 2376 1129 2423 variis
1171 2373 1363 2438 proeliis
1389 2375 1528 2435 vicit,
1567 2372 1663 2422 ele-

156 2445 354 2508 phantos
380 2444 481 2492 eius
502 2443 678 2493 occidit
702 2443 779 2492 vel
800 2445 950 2509 cepit,
989 2443 1156 2492 multas
1187 2443 1400 2492 civitates
1431 2444 1582 2507 ipsius
1617 2443 1663 2491 in

155 2512 439 2563 deditionem
456 2514 658 2578 accepit.
702 2512 763 2562 Et
790 2528 893 2562 cum
914 2514 1002 2563 iam
1019 2512 1146 2562 bello
1167 2513 1304 2562 finem
1327 2513 1566 2576 positurus
1587 2525 1662 2560 es·

154 2590 252 2645 set,
286 2596 560 2631 successum
587 2589 659 2631 est
690 2583 732 2631 ei
765 2598 791 2631 a
820 2581 872 2631 C.
893 2582 1058 2632 Mario.
1106 2581 1153 2630 Is
1182 2581 1448 2646 Iugurtham
1477 2589 1524 2630 et
1541 2580 1663 2630 Boc·

155 2652 308 2715 chum,
339 2650 651 2701 Mauretaniae
677 2666 864 2716 regem,
909 2653 988 2716 qui
1016 2651 1234 2701 auxilium
1261 2650 1511 2715 Iugurthae
1537 2650 1665 2699 ferre

155 2728 397 2785 coeperat,
423 2722 597 2784 pariter
615 2723 865 2785 superavit.
905 2719 1152 2785 Aliquanta
1177 2728 1223 2770 et
1243 2722 1349 2784 ipse
1375 2719 1548 2784 oppida
1568 2717 1662 2768 Nu·

155 2789 320 2839 midiae
343 2791 487 2856 cepit,
511 2789 735 2854 belloque
753 2791 996 2840 terminum
1005 2792 1162 2855 posuit
1183 2797 1321 2854 capto
1336 2789 1555 2853 Iugurtha
1576 2803 1664 2852 per
