2026 3238
763 170 989 216 mesa
1032 173 1096 216 vi.
1631 168 1724 236 39,

181 309 281 372 pias
302 323 361 356 ex
381 309 503 356 omni
526 320 675 371 regno
701 305 955 355 adduxerat
982 305 1300 367 Mithridates,
1334 321 1439 354 cum
1460 323 1551 355 xxx
1571 307 1696 356 milia

177 376 435 426 lectissima
455 378 583 440 regis
605 391 630 424 a
653 372 858 440 quinque
878 375 1065 424 milibus
1086 375 1401 424 Romanorum
1422 383 1598 426 vastata
1620 392 1694 426 es·

179 454 300 509 sent,
323 445 615 495 Mithridates
634 445 823 508 fugatus
843 451 916 492 est
934 451 983 493 et
1002 452 1154 494 castra
1173 446 1277 493 eius
1297 443 1493 508 direpta.
1532 444 1694 495 Arme·

178 518 252 565 nia
274 530 463 581 quoque
484 515 649 576 minor,
673 529 810 577 quam
832 520 1064 577 tenuerat,
1085 513 1239 563 eidem
1258 513 1439 563 sublata
1460 522 1549 563 est.
1583 515 1695 564 Sus-

179 593 345 650 ceptus
373 593 524 633 tamen
551 591 624 631 est
649 582 939 631 Mithridates
973 592 1082 648 post
1111 584 1269 648 fugam
1298 598 1324 632 a
1352 581 1571 648 Tigrane,
1609 583 1695 635 Ar·

178 657 360 704 meniae
389 668 532 717 rege,
573 654 651 717 qui
680 660 776 701 tum
808 654 988 717 ingenti
1021 652 1174 717 gloria
1199 653 1487 718 imperabat,
1527 652 1696 705 Persas

178 739 324 788 saepe
354 725 555 784 vicerat,
588 721 978 786 Mesopotamiam
1014 730 1334 787 occupaverat
1369 731 1417 772 et
1443 723 1624 788 Syriam
1650 732 1698 773 et

177 793 440 842 Phoenices
462 800 654 856 partem.

283 864 426 912 Car.
457 860 540 911 IX.
590 861 720 926 Ergo
755 860 976 910 Lucullus
1007 869 1232 926 repetens
1264 862 1450 911 hostem
1486 862 1695 927 fugatum

178 934 316 982 etiam
330 947 525 997 regnum
545 930 777 996 Tigranis,
802 932 881 996 qui
898 931 1131 981 Armeniis
1155 932 1428 996 imperabat,
1451 933 1694 996 ingressus

179 1010 267 1051 est.
305 1001 655 1066 Tigranocerta,
686 1002 923 1050 civitatem
945 1001 1235 1065 Arzanenae,
1264 1001 1602 1051 nobilissimam
1621 1017 1693 1051 re·
1715 1012 1803 1047 Ass.

178 1074 256 1136 gni
275 1071 566 1134 Armeniaci,
596 1072 741 1136 cepit,
765 1071 920 1135 ipsum
938 1087 1103 1136 regem
1123 1087 1227 1120 cum
1248 1072 1487 1120 sexcentis
1507 1071 1694 1120 milibus
1713 1068 1790 1103 ⁶⁸³*

179 1141 534 1191 clibanariorum
565 1149 612 1189 et
632 1148 816 1190 centum
834 1140 1022 1190 milibus
1046 1142 1390 1205 sagittariorum
1420 1148 1467 1190 et
1496 1148 1691 1191 armato·

176 1227 276 1260 rum
295 1213 560 1259 venientem
582 1226 701 1260 xvm
722 1210 848 1259 milia
866 1211 1059 1260 militum
1084 1211 1261 1260 habens
1282 1212 1343 1260 ita
1361 1211 1504 1274 vicit,
1536 1218 1584 1260 ut
1599 1226 1692 1261 ma·

141 1296 154 1302 ·
175 1295 313 1345 gnam
342 1287 522 1343 partem
553 1279 877 1329 Armeniorum
906 1280 1149 1330 deleverit.
1217 1279 1331 1329 Inde
1366 1279 1550 1330 Nisibin
1586 1294 1693 1344 pro·
1716 1297 1805 1331 mn.

176 1350 330 1399 fectus
356 1365 458 1398 eam
488 1363 680 1414 quoque
712 1351 946 1399 civitatem
967 1366 1071 1399 cum
1089 1352 1220 1415 regis
1245 1351 1387 1400 fratre
1407 1351 1549 1415 cepit.
1599 1349 1695 1398 Sed
1713 1352 1788 1387 684·

175 1420 227 1481 ii,
251 1433 371 1484 quos
391 1421 438 1468 in
461 1418 609 1468 Ponto
634 1418 855 1468 Lucullus
874 1420 1130 1485 reliquerat
1157 1436 1263 1469 cum
1283 1422 1520 1470 exercitus
1540 1427 1692 1485 parte,

178 1496 226 1537 ut
244 1490 468 1553 regiones
486 1490 635 1538 victas
655 1496 702 1538 et
730 1491 819 1538 iam
838 1489 1152 1539 Romanorum
1171 1498 1426 1552 tuerentur,
1449 1490 1693 1554 negligen-

176 1566 249 1607 ter
282 1574 336 1606 se
368 1565 415 1606 et
442 1574 581 1608 avare
608 1567 805 1623 agentes
839 1562 1140 1610 occasionem
1175 1562 1342 1609 iterum
1366 1559 1618 1610 Mithridati
1648 1560 1693 1607 in

177 1627 371 1678 Pontum
390 1628 672 1693 irrumpendi
693 1628 949 1692 dederunt,
989 1636 1129 1694 atque
1147 1631 1210 1679 ita
1228 1629 1403 1679 bellum
1420 1636 1693 1679 renovatum

177 1706 265 1747 est.
304 1697 498 1747 Lucullo
519 1700 695 1762 paranti
717 1706 854 1762 capta
874 1698 1026 1747 Nisibi
1052 1707 1213 1748 contra
1233 1697 1402 1748 Persas
1431 1698 1692 1764 expeditio·
1714 1719 1757 1749 A.
1763 1716 1805 1749 u.

175 1783 280 1816 nem
299 1782 556 1816 successor
576 1775 650 1816 est
674 1770 861 1817 missus.
1714 1772 1789 1805 685

281 1838 422 1887 Gar».
443 1836 502 1888 X.
524 1837 589 1900 (V
593 1835 705 1902 111.)
742 1837 876 1886 Alter
906 1845 1061 1886 autem
1083 1837 1334 1900 LuculluS,
1375 1839 1452 1902 qui
1471 1836 1692 1886 Macedo·
1716 1857 1793 1893 μυ

174 1909 295 1956 niam
320 1906 683 1969 administrabat,
705 1906 868 1956 Bessis
890 1908 1066 1989 primus
1085 1907 1401 1956 Romanorum
1422 1906 1573 1956 intulit
1591 1905 1691 1956 bel·
1713 1915 1771 1948 σοι

172 1976 267 2026 lum
298 1985 439 2041 atque
457 1989 543 2025 eos
562 1978 739 2040 ingenti
767 1976 948 2041 proelio
978 1979 1024 2025 in
1043 1975 1221 2040 Haemo
1250 1984 1408 2026 monte
1440 1977 1692 2040 superavit

174 2045 410 2111 Oppidum
429 2046 756 2109 Uscudamam,
791 2046 918 2112 quod
935 2046 1074 2095 Bessi
1095 2047 1378 2109 habitabant,
1402 2046 1571 2095 eodem
1593 2045 1690 2107 die,

175 2131 268 2181 quo
290 2131 548 2180 aggressus
570 2124 661 2179 est,
686 2117 818 2179 vicit,
842 2115 1051 2179 Cabylen
1080 2118 1224 2180 cepit,
1261 2131 1413 2182 usque
1432 2115 1694 2165 Danubium

173 2188 451 2250 penetravit.
486 2185 602 2234 Inde
627 2185 792 2234 multas
813 2200 954 2249 snpra
967 2185 1161 2234 Pontum
1182 2188 1361 2248 positas
1382 2187 1596 2234 civitates
1612 2200 1693 2249 ag-

172 2270 370 2318 gressus
393 2262 482 2303 est.
538 2254 642 2303 Illic
659 2254 959 2317 Apolloniam
980 2255 1165 2315 evertit,
1201 2253 1407 2313 Calatin‚
1441 2254 1695 2303 Partheno·

173 2324 319 2388 polin,
344 2322 535 2386 Tomos,
557 2323 788 2385 Histrum,
824 2324 1133 2373 Burziaonem
1162 2325 1291 2388 cepit
1327 2323 1552 2388 belloque
1583 2337 1695 2372 con·

171 2394 301 2442 fecto
328 2393 524 2442 Romam
542 2393 697 2443 rediit.
729 2393 881 2442 Ambo
902 2402 996 2442 tum
1015 2394 1432 2457 triumphaverunt,
1453 2392 1693 2455 Lucullus,

172 2465 252 2528 qui
273 2470 433 2512 contra
450 2461 747 2513 Mithridaten
767 2471 1073 2528 pugnaverat,
1095 2464 1258 2513 maiori
1279 2462 1449 2528 gloria,
1472 2478 1576 2511 cum
1595 2469 1693 2512 tan·

169 2540 322 2582 torum
338 2546 592 2597 regnorum
610 2535 762 2582 victor
779 2533 999 2582 redisset.

277 2602 362 2651 ΟἏ
376 2619 420 2650 r.
441 2601 524 2651 XI.
548 2601 684 2668 (IX.)
724 2601 956 2652 Confecto
978 2602 1106 2652 bello
1125 2601 1455 2665 Macedonico,
1479 2608 1694 2650 manente

170 2670 511 2733 Mithridatico,
549 2671 674 2736 quod
707 2672 961 2723 recedente
984 2671 1182 2721 Lucullo
1207 2687 1292 2721 rex
1319 2671 1536 2721 collectis
1565 2672 1692 2721 auxi·

168 2739 246 2790 liis
263 2748 579 2805 reparaverat,
603 2741 776 2790 bellum
797 2740 1035 2791 Creticum
1056 2750 1205 2790 ortum
1228 2749 1316 2791 est.
1361 2740 1435 2790 Ad
1453 2741 1500 2789 id
1521 2742 1692 2790 missus
1714 2759 1790 2793 Α.υ

171 2810 230 2869 Q.
254 2810 491 2859 Caecilius
523 2809 742 2858 Metellus
776 2811 1044 2875 ingentibus
1073 2811 1268 2874 proeliis
1300 2813 1416 2860 intra
1446 2812 1690 2859 triennium
1716 2815 1793 2849 888·
