2026 3238
315 327 357 360 P.

303 440 356 474 64.

318 1450 358 1482 P.

289 1506 378 1540 c.N.

313 1562 368 1596 68.

313 2314 366 2347 69.

403 179 473 230 50
989 183 1347 228 EUTROPII

405 325 550 366 matre
568 318 845 366 interfectis.
902 315 1074 365 Urbem
1103 317 1298 366 Romam
1330 316 1551 378 incendit,
1589 324 1636 365 ut
1662 317 1920 381 spectaculi
2010 308 2022 337 Γ

291 384 384 418 ’ν’-Ν·
402 388 504 435 eius
543 387 792 450 imaginem
825 393 1066 447 cerneret,
1111 386 1234 450 quali
1266 385 1375 434 olim
1399 385 1538 433 Troia
1563 392 1699 448 capta
1715 395 1918 436 arserat.

403 455 455 505 ln
476 471 528 505 re
548 455 731 505 militari
756 453 869 503 nihil
894 456 1080 503 omnino
1101 470 1240 504 ausus
1267 455 1543 503 Britanniam
1576 469 1728 518 paene
1755 457 1920 506 amisit.
2007 462 2014 491 ἒ

403 525 519 574 Nam
553 525 645 574 duo
682 526 768 574 sub
806 525 898 572 hoc
940 523 1231 574 nobilissima
1269 523 1443 589 oppida
1483 531 1618 588 capta
1651 523 1750 572 illic
1780 531 1922 590 atque

404 609 572 644 eversa
611 601 730 644 sunt.
799 593 1064 642 Armeniam
1100 592 1253 643 Parthi
1290 593 1573 642 sustulerunt
1608 592 1922 658 legionesque
2011 591 2014 627 ἓ

402 663 634 712 Romanas
655 664 741 712 sub
766 664 925 726 iugum
944 664 1183 712 miserunt.
1219 663 1353 712 Duae
1367 671 1519 712 tamen
1540 665 1814 727 provinciae
1833 663 1920 712 sub

404 746 461 781 eo
487 733 639 781 factae
659 739 780 795 sunt,
803 731 976 780 Pontus
997 731 1353 781 Polemoniacus
1375 733 1668 783 concedente
1688 748 1806 797 rege
1830 732 1918 781 I'o·

402 802 607 865 lemnae,
634 810 681 851 et
701 801 847 865 Alpes
869 800 1052 850 Cottiae
1081 800 1238 851 Cottio
1265 817 1381 866 rege
1406 802 1645 851 defuncto.

508 872 651 921 CAr.
689 872 791 920 XV.
840 870 930 919 Per
963 871 1081 920 haec
1108 871 1321 921 Romano
1351 872 1453 920 orbi
1490 871 1821 934 exsecrabiliS,
1862 872 1918 920 ab

404 942 615 990 omnibus
636 941 771 989 simul
791 940 1037 989 destitutus
1064 949 1111 989 et
1135 956 1160 989 a
1181 949 1343 989 senatu
1362 941 1512 989 hostis
1542 941 1786 1003 iudicatus,
1817 956 1920 989 cum

403 1018 708 1076 quaereretur
726 1010 783 1058 ad
808 1024 1036 1073 poenam,
1077 1025 1197 1073 quae
1222 1024 1375 1073 poena
1405 1017 1503 1058 erat
1521 1010 1650 1071 talis,
1691 1017 1740 1056 ut
1771 1010 1920 1058 nudus

402 1095 487 1144 per
506 1079 746 1143 publicum
770 1079 934 1127 ductus
956 1078 1087 1127 furca
1116 1081 1255 1142 capiti
1278 1081 1380 1126 eius
1401 1079 1574 1128 inserta
1594 1080 1740 1142 virgis
1768 1094 1920 1143 usque
2011 1108 2018 1126 1

400 1149 457 1198 ad
478 1156 676 1196 mortem
702 1148 980 1197 caederetur
1010 1155 1151 1213 atque
1187 1150 1249 1197 ita
1279 1149 1664 1212 praecipitaretur
1691 1147 1751 1196 de
1783 1161 1916 1210 saxo,

402 1234 428 1267 e
449 1218 621 1282 palatio
642 1218 762 1282 fugit
782 1224 829 1266 et
846 1219 893 1266 in
913 1217 1178 1267 suburbano
1199 1233 1253 1266 se
1271 1217 1427 1266 liberti
1449 1219 1539 1280 sui,
1563 1216 1690 1282 quod
1709 1225 1782 1266 est
1799 1219 1920 1266 inter

401 1287 623 1336 Salariam
644 1295 690 1336 et
709 1286 1046 1335 Nomentanam
1065 1288 1185 1335 viam
1205 1286 1262 1336 ad
1283 1293 1493 1351 quartum
1513 1287 1640 1335 urbis
1653 1286 1915 1349 miliarium,

402 1357 650 1406 interfecit.
690 1356 970 1405 Aedificavit
982 1356 1160 1405 Romae
1183 1357 1403 1419 thermas,
1428 1371 1547 1421 quae
1566 1363 1672 1404 ante
1688 1355 1731 1403 N
1735 1358 1915 1404 eronia-

399 1442 486 1476 nae
511 1426 663 1475 dictae
686 1441 808 1476 nunc
818 1426 1159 1475 Alexandrinae
1178 1425 1485 1490 appellantur.
1527 1424 1654 1474 Obiit
1672 1426 1911 1489 trigesime

402 1504 448 1544 et
466 1496 615 1545 altero
642 1497 807 1545 aetatis
826 1507 973 1557 anno,
1006 1497 1187 1559 imperii
1208 1502 1371 1559 quarto
1392 1495 1595 1557 dccim0‚
1624 1502 1766 1559 atque
1785 1497 1830 1544 in
1855 1509 1915 1544 ec

401 1567 550 1614 omnis
572 1564 743 1614 familia
768 1565 968 1629 Augusti
994 1573 1269 1629 consumpta
1287 1572 1376 1613 est.

508 1635 592 1683 CA
604 1651 647 1682 r.
675 1633 800 1683 XVI.
827 1634 939 1699 (X.)
989 1634 1109 1682 Huic
1129 1635 1321 1683 Servius
1352 1632 1497 1683 Galba
1522 1634 1772 1695 successit,
1803 1635 1915 1682 anti·

402 1705 655 1769 quissimae
674 1703 928 1752 nobilitatis
957 1710 1171 1766 senator,
1214 1718 1318 1751 cum
1338 1705 1736 1768 septuagesimum
1760 1710 1807 1751 et
1826 1710 1915 1751 ter-

399 1775 511 1822 tium
530 1788 695 1821 annum
716 1781 879 1837 ageret
898 1775 1082 1835 aetatiS,
1109 1774 1165 1821 ab
1186 1772 1405 1836 Hispanis
1427 1780 1474 1821 et
1494 1770 1638 1821 Gallis
1665 1774 1917 1835 imperator

402 1843 600 1905 electus,
623 1856 733 1891 mox
752 1843 809 1891 ab
837 1844 1055 1891 universo
1078 1843 1287 1891 exercitu
1304 1841 1505 1889 libenter
1518 1848 1759 1904 acceptus.
1799 1840 1914 1889 Nam
2000 1862 2003 1866 ·

401 1914 580 1977 privata
608 1912 710 1960 eius
730 1913 823 1960 vita
844 1913 1039 1975 insignis
1067 1911 1218 1959 fuerat
1242 1910 1514 1959 militaribus
1535 1918 1583 1958 et
1607 1910 1822 1958 civilibus
1842 1926 1914 1958 re-

400 1983 504 2030 bus.
544 1981 702 2044 Saepe
725 1981 908 2043 consul,
937 1994 1083 2044 saepe
1107 1994 1191 2043 pro
1219 1979 1432 2042 consule,
1462 1980 1733 2044 frequenter
1758 1979 1850 2029 dux
1870 1981 1916 2027 in

400 2051 690 2114 gravissimis
728 2049 882 2098 bellis.
939 2049 1084 2097 Huius
1116 2050 1260 2098 breve
1290 2050 1536 2113 imperium
1565 2048 1675 2111 fuit,
1711 2056 1758 2098 et
1788 2048 1914 2113 quod

399 2120 521 2168 bona
547 2119 740 2167 haberet
765 2118 982 2181 exordia,
1022 2120 1109 2167 nisi
1137 2118 1194 2167 ad
1223 2120 1521 2167 severitatem
1546 2120 1827 2182 propensior
1847 2120 1914 2166 vi-

346 2222 359 2235 .
401 2189 599 2239 deretur.
649 2187 834 2236 Insidiis
855 2195 1007 2237 tamen
1028 2187 1226 2236 Othonis
1251 2190 1438 2236 occisus
1459 2195 1530 2236 est
1552 2189 1735 2251 imperii
1754 2202 1915 2236 mense

288 2257 378 2291 cm.

402 2258 617 2321 septimo,
681 2256 921 2321 Iugulatus
948 2259 993 2306 in
1023 2258 1127 2306 foro
1147 2257 1327 2306 Romae
1363 2258 1671 2323 sepultusque
1698 2258 1744 2305 in
1767 2258 1914 2305 hortis

402 2329 517 2389 suiS,
558 2328 636 2390 qui
658 2334 763 2375 sunt
779 2326 970 2376 Aurelia
1000 2329 1075 2375 via
1101 2341 1193 2375 non
1225 2327 1368 2391 longe
1388 2328 1444 2375 ab
1475 2328 1588 2375 urbe
1609 2327 1772 2375 Roma.

505 2396 587 2445 CA
603 2412 647 2444 P.
678 2395 826 2445 XVII.
858 2394 991 2460 (XI.)
1053 2395 1175 2444 Otho
1213 2399 1376 2444 occiso
1402 2395 1547 2446 Galba
1575 2397 1742 2445 invasit
1766 2397 1911 2460 impe-

398 2467 532 2528 rium,
565 2473 771 2514 materno
792 2480 970 2529 genere
996 2465 1217 2527 nobilior,
1259 2481 1393 2528 quam
1420 2473 1633 2529 paternO,
1662 2472 1827 2513 neutro
1846 2472 1911 2513 ta·

399 2550 504 2583 men
531 2535 752 2583 obscuro.
808 2532 860 2582 In
882 2534 1057 2597 privata
1075 2535 1170 2583 vita
1187 2533 1340 2583 mollis
1365 2542 1412 2583 et
1430 2534 1631 2584 Neronis
1655 2534 1910 2595 familiam,

399 2605 445 2652 in
474 2605 671 2667 imperio
706 2603 1033 2652 documentum
1062 2605 1132 2651 sui
1167 2617 1260 2652 non
1294 2606 1443 2667 potuit
1478 2603 1744 2652 ostendere.
1794 2602 1909 2651 Nam

401 2687 504 2720 cum
529 2671 695 2720 iisdem
722 2673 1038 2736 temporibus,
1084 2674 1252 2735 quibus
1284 2672 1405 2721 Otho
1437 2671 1628 2722 Galbam
1655 2672 1908 2734 occiderat,

402 2742 537 2789 etiam
571 2740 787 2789 Vitellius
823 2740 974 2790 factus
1006 2749 1134 2790 esset
1175 2758 1201 2790 a
1226 2742 1588 2792 Germanicianis
1626 2742 1910 2791 exercitibus
1987 2786 2009 2806 χ

400 2811 668 2874 imperator,
700 2810 828 2859 bello
851 2818 1007 2859 contra
1037 2826 1141 2859 eum
1168 2819 1418 2875 suscepto,
1461 2827 1563 2860 cum
1587 2810 1709 2875 apud
1734 2810 1908 2858 Betria-
