2026 3238
705 193 1060 238 LIBERIII.
1577 187 1641 238 17

130 333 282 381 vietus
303 337 390 379 est.
427 328 546 378 Nam
565 344 624 377 ex
645 344 768 378 ccxx
785 327 982 376 navibus
1002 342 1106 375 enm
1124 342 1219 376 xxx
1235 327 1373 391 fugit,
1394 328 1646 392 nonaginta

132 416 238 450 eum
257 398 595 464 pugnatoribus
617 405 782 462 captae
813 404 943 459 sunt,
989 396 1231 445 demersae
1259 404 1463 445 ceterae.
1509 396 1644 444 Alius

133 484 325 535 quoque
346 466 512 517 consul
532 466 734 518 classem
754 466 999 529 naufragio
1020 467 1190 528 amisit,
1213 468 1470 514 exercitum
1490 472 1645 514 tamen

133 540 312 589 salvum
335 538 511 598 habuit,
543 538 653 600 quia
675 538 828 585 vicina
848 535 986 585 litora
1011 543 1156 585 erant.

239 608 381 658 Gar.
403 604 598 656 XXVII.
626 603 804 671 (ΧΠ.)
845 605 898 655 C.
924 604 1104 654 Lutatio
1120 604 1305 667 Catulo,
1326 604 1381 653 A.
1405 604 1643 654 Postumio
1663 623 1759 658 ΑΒ.

131 679 303 730 Albino
323 689 449 726 coss.
468 689 588 724 anno
607 675 721 724 belli
738 674 900 724 Punici
922 692 1058 724 xxm.
1089 674 1257 725 Catulo
1277 674 1453 724 bellum
1479 681 1641 723 eontra
1669 679 1742 713 ⁶1⁰-

131 747 275 798 Afros
296 746 596 801 commissum
624 753 712 794 est.
769 744 1017 794 Profectus
1035 753 1110 793 est
1129 760 1232 793 eum
1252 762 1343 794 cce
1373 744 1570 793 navibus
1599 745 1647 792 in

132 816 353 866 Siciliam.
381 814 484 864 Arri
505 823 666 864 eontra
684 817 839 878 ipsum
859 832 983 864 cccc
1005 821 1298 878 paraverunt.
1336 813 1582 878 Nunquam
1601 814 1648 861 in

131 888 245 936 mari
261 887 400 935 tantis
420 886 574 949 copiis
594 891 847 949 pugnatum
877 891 967 933 est.
1015 883 1223 932 Lutatius
1259 882 1450 932 Catulus
1482 897 1648 931 navem

131 971 280 1020 aeger
301 954 529 1005 aseendit.
566 954 847 1003 vulneratus
876 955 998 1003 enim
1026 954 1073 1002 in
1099 967 1257 1017 pugna
1275 954 1524 1017 superiore
1545 952 1646 1000 fue-

131 1034 218 1075 rat.
257 1024 430 1074 Contra
447 1023 745 1086 Lilybaeum,
781 1024 1018 1073 eivitatem
1042 1022 1259 1085 Siciliae,
1292 1029 1546 1087 pugnatum
1575 1028 1648 1068 est

134 1095 310 1158 ingenti
335 1095 507 1142 virtute
523 1093 854 1143 Romanorum.
893 1092 1010 1142 Nam
1029 1109 1174 1142 nxxm
1194 1090 1647 1155 Carthaginiensium

134 1178 277 1212 naves
310 1171 475 1227 captae
507 1170 637 1225 sunt,
685 1179 806 1212 cxxv
835 1162 1107 1225 demersae,
1142 1178 1275 1211 mn
1299 1161 1425 1210 milia
1443 1161 1647 1211 hostium

134 1241 288 1296 capta,
311 1249 394 1281 xm
405 1233 584 1294 occisa,
606 1233 829 1280 infinitum
840 1234 938 1280 auri
957 1233 1233 1295 arg-entique
1244 1230 1429 1294 pondus
1447 1231 1495 1278 in
1511 1237 1646 1293 pote·

133 1309 299 1351 statem
316 1301 634 1350 Romanorum
647 1301 904 1350 redactum.
940 1299 1014 1350 Ex
1030 1301 1183 1349 classe
1193 1300 1402 1349 Romana
1419 1315 1485 1348 xu
1501 1313 1647 1348 naves

133 1371 392 1421 demersae.
425 1370 681 1434 Pugnatum
707 1378 780 1419 est
799 1387 861 1419 v1.
893 1369 1003 1419 Idus
1022 1369 1228 1419 Martias.
1273 1370 1436 1418 Statim
1456 1366 1647 1418 Cartha·

132 1443 373 1505 ginienses
399 1454 566 1505 pacem
604 1442 838 1504 petierunt
875 1440 1139 1503 tributaque
1176 1447 1248 1487 est
1279 1441 1350 1487 eis
1387 1452 1493 1502 pax.
1560 1436 1647 1487 Ca-

134 1511 250 1574 ptivi
267 1509 598 1572 Romanorum,
610 1511 691 1575 qui
709 1510 1022 1559 tenebantura
1036 1507 1519 1573 Carthaginiensibus,
1542 1507 1648 1558 red-

134 1580 216 1628 diti
238 1586 358 1628 sunt.
396 1578 550 1628 Etiam
570 1578 983 1643 Carthaginienses
1008 1580 1270 1643 petierunt,
1299 1584 1352 1627 ut
1373 1577 1540 1627 redimi
1564 1591 1649 1627 eos

134 1650 349 1713 captivos
378 1647 560 1710 liceret,
586 1663 706 1712 quos
726 1664 787 1697 ex
805 1648 934 1697 Afris
954 1649 1152 1698 Romani
1170 1648 1406 1697 tenebant.
1449 1648 1649 1697 Senatus

136 1719 271 1768 iussit
289 1721 390 1766 sine
406 1719 561 1781 pretio
585 1717 682 1767 dari
703 1732 808 1780 eos,
852 1719 999 1782 quiin
1022 1717 1210 1781 publiea
1231 1717 1445 1766 custodia
1464 1724 1647 1772 essent;

135 1789 214 1852 qni
232 1794 386 1836 autem
411 1802 438 1836 a
457 1788 650 1849 privatis
668 1794 958 1850 tenerentur,
995 1794 1046 1836 ut
1071 1788 1224 1851 pretio
1245 1786 1444 1835 dominis
1463 1786 1647 1836 reddito

134 1855 466 1920 Carthaginem
497 1856 731 1918 redirent,
764 1863 906 1921 atque
941 1856 988 1904 id
1020 1858 1220 1920 pretium
1252 1871 1313 1904 ex
1341 1856 1458 1904 fiseo
1477 1857 1646 1919 magis,

135 1942 271 1991 quam
291 1942 318 1975 a
346 1925 808 1989 Carthaginiensibus
827 1925 1108 1975 solveretur.

227 1996 270 2044 C
283 2013 317 2045 A
330 2012 374 2043 P.
394 1993 610 2045 XXVIII.
647 1994 707 2055 Q.
724 1994 948 2058 Lutatius,
971 1994 1031 2044 A.
1043 1993 1242 2043 Manlius
1259 1994 1480 2044 consules
1500 1995 1644 2044 creati
1656 2010 1747 2046 AB.

135 2065 310 2115 bellum
326 2063 527 2114 Faliscis
562 2064 841 2127 intulerunt,
882 2080 1005 2130 quae
1034 2065 1200 2113 civitas
1233 2061 1395 2113 Italiae
1422 2064 1646 2129 opulenta
1669 2068 1743 2102 51¹·

135 2134 369 2199 quondam
393 2135 496 2183 fuit.
547 2133 688 2194 Quod
706 2134 844 2183 ambo
866 2134 1088 2184 eonsules
1106 2135 1224 2183 intra
1243 2148 1330 2183 sex
1347 2133 1477 2197 «fiee,
1512 2149 1649 2199 quam

134 2210 374 2266 venerant,
399 2211 730 2266 transegerunt
743 2218 809 2252 xv
826 2203 1013 2252 milibus
1031 2204 1233 2252 hostium
1253 2205 1408 2253 eaesis
1423 2241 1437 2267 ‚
1475 2205 1648 2254 ceteris

135 2286 257 2336 paee
277 2284 529 2335 eoncessa,
552 2286 670 2335 agro
689 2279 843 2321 tamen
863 2288 924 2321 ex
941 2272 1192 2321 medietate
1220 2271 1424 2322 sublato.

519 2535 788 2593 LIBER
846 2535 1275 2590 ruamus,

653 2690 1129 2732 Ausonunruu.

240 2772 289 2821 '1.
319 2776 581 2818 Ptolemaeus
609 2774 792 2830 Aegypti
823 2787 900 2816 rex
926 2777 1135 2829 promissa
1164 2787 1191 2815 ι
1209 2774 1410 2815 Romamn
1428 2776 1587 2815 auxilia
1605 2777 1649 2815 in

137 2834 247 2876 bello
266 2841 408 2875 eontra
425 2832 692 2882 Antiodmm,
722 2831 865 2886 Syriae
885 2845 1030 2886 regem
1044 2863 1055 2882 ‚
1086 2839 1266 2874 recusat.
1310 2831 1449 2880 Hiero,
1482 2830 1648 2872 Siciliae

207 2903 419 2934 eunomus
1394 2899 1427 2949 2
