2026 3238
703 189 926 235 LIBER
977 192 1042 236 111.
1565 188 1630 239 21

117 326 292 388 gnavit.
354 324 581 374 Hannibal
608 324 773 372 multas
802 325 1018 372 civitates
1042 324 1356 374 Romanorum
1392 341 1477 390 per
1504 327 1631 390 Apu-

117 393 242 457 liam,
254 393 531 456 Calabriam,
556 401 604 441 et
623 393 828 442 Bruttios
852 395 1117 457 occupavit,
1142 409 1235 459 quo
1262 403 1476 460 tempore
1496 398 1632 444 etiam

118 479 203 513 rex
226 463 532 512 Macedoniae
555 462 797 526 Philippus
828 462 887 511 ad
913 478 1019 511 eum
1050 463 1235 528 legatos
1255 466 1403 527 misit,
1442 467 1632 528 promit-

118 540 222 581 tens
243 533 411 583 auxilia
437 538 597 581 contra
616 531 855 580 Romanos
882 533 969 581 sub
998 533 1085 582 hac
1110 534 1409 597 condicione,
1435 542 1484 582 ut
1504 533 1631 583 dele-

116 604 178 650 tis
197 602 419 651 Romanis
439 603 546 664 ipse
571 614 763 666 quoque
787 609 948 651 contra
970 601 1179 652 Graecos
1198 604 1258 653 ab
1277 603 1533 653 Hannibale
1552 618 1630 651 au·

117 671 228 720 xilia
262 671 518 735 acciperet.
581 669 744 734 Captis
774 673 917 735 igitur
946 671 1115 735 legatis
1139 672 1343 737 Philippi
1383 680 1430 721 et
1465 687 1519 721 re
1550 685 1630 720 co·

118 743 244 804 gnita
280 740 477 789 Romani
508 741 554 788 iu
579 739 902 789 Macedoniam
927 741 991 789 M.
1018 742 1255 791 Valerium
1274 742 1525 791 Laevinum
1561 743 1631 790 ire

116 811 368 872 iusserunt,
390 810 438 857 in
464 810 718 858 Sardiniam
745 809 798 857 T.
816 809 1036 858 Manlium
1055 811 1339 876 Torquatum
1371 824 1630 875 proconsu-

116 877 224 927 lem.
262 877 379 928 Nam
404 880 545 928 etiam
576 894 631 927 ea
659 879 908 928 sollicitata
931 881 987 928 ab
1008 879 1264 930 Hannibale
1290 881 1529 930 Romanos
1549 879 1628 927 de·

118 956 346 997 seruarat.

223 1018 368 1066 Car.
389 1016 503 1065 xm
560 1016 630 1066 Ita
657 1031 749 1066 uno
776 1025 992 1081 tempore
1024 1026 1223 1083 quatuor
1248 1018 1369 1067 locis
1397 1018 1630 1083 pugnaba-

116 1094 214 1135 tur:
251 1087 300 1135 in
324 1085 457 1135 ltalia
485 1094 645 1135 contra
663 1086 991 1149 Hannibalem,
1023 1090 1069 1136 in
1087 1087 1326 1151 Hispaniis
1355 1095 1515 1137 contra
1543 1087 1632 1135 fra-

117 1163 236 1204 trem
274 1156 376 1203 eius
394 1154 756 1218 Hasdrubalem,
796 1158 842 1204 in
864 1156 1140 1206 Macedonia
1166 1164 1324 1206 contra
1351 1157 1630 1220 Philippum,

118 1227 164 1273 in
189 1224 399 1273 Sardinia
419 1233 579 1273 contra
601 1225 776 1273 Sardos
802 1233 849 1274 et
867 1225 1063 1274 alterum
1083 1226 1419 1275 Hasdrubalem
1441 1224 1632 1275 Cartha·

118 1295 395 1358 giniensem.
444 1292 491 1341 Is
519 1309 546 1342 a
565 1293 619 1341 Τ.
655 1293 828 1343 Manlio
849 1295 1162 1358 proconsule,
1198 1297 1278 1359 qui
1299 1295 1358 1343 ad
1377 1294 1633 1343 Sardiniam

119 1364 290 1413 missus
314 1363 493 1426 fuerat,
526 1365 662 1411 vivus
689 1371 762 1412 est
785 1371 969 1427 captus,
1005 1365 1168 1413 occisa
1186 1379 1293 1413 cum
1314 1379 1374 1412 eo
1398 1382 1462 1413 χιι
1488 1362 1631 1425 milia,

121 1433 244 1495 capti
263 1431 375 1480 mile
393 1434 665 1496 quingenti,
679 1440 727 1481 et
744 1449 770 1482 a
790 1433 1012 1482 Romanis
1034 1433 1246 1483 Sardinia
1265 1435 1476 1483 subacta.
1506 1431 1633 1481 Man-

119 1501 209 1549 lius
235 1502 389 1549 victor
427 1503 640 1565 captivos
678 1509 725 1551 et
763 1502 1100 1552 Hasdrubalem
1129 1502 1326 1553 Romam
1360 1503 1634 1567 reportavit.

119 1569 305 1618 Interea
335 1572 472 1619 etiam
493 1570 736 1635 Philippus
768 1588 794 1621 a
813 1571 1018 1621 Laevino
1048 1574 1094 1621 in
1113 1571 1390 1622 Macedonia
1416 1573 1633 1632 vincitur,

121 1646 168 1687 et
193 1641 240 1687 in
267 1638 491 1703 Hispania
522 1655 548 1688 a
574 1641 879 1704 Scipionibus
907 1640 1168 1691 Hasdrubal
1197 1649 1244 1690 et
1260 1641 1430 1706 Mago,
1469 1641 1635 1689 tertius

123 1710 267 1757 frater
290 1708 576 1757 Hannibalis.

228 1779 312 1827 Ga
326 1795 370 1826 P.
395 1777 521 1826 xlv.
553 1777 733 1844 (vul.)
770 1780 969 1829 Decimo
989 1793 1109 1828 anno
1131 1787 1268 1843 post,
1312 1794 1450 1844 quam
1468 1778 1637 1828 Hanni·
1656 1791 1749 1845 ᾼ.υ.

119 1847 195 1896 bal
218 1849 264 1895 in
281 1846 460 1896 Italiam
480 1855 697 1910 venerat,
730 1847 779 1896 P.
802 1848 1034 1911 Sulpicio,
1057 1847 1144 1898 Cn.
1166 1847 1335 1897 Fulvio
1361 1861 1488 1896 coss.
1515 1846 1636 1895 Han·
1648 1847 1723 1880 541-

118 1916 243 1965 nibal
279 1931 431 1981 usque
463 1916 522 1965 ad
550 1925 760 1981 quartum
778 1917 1023 1966 miliarium
1046 1917 1175 1966 urbis
1195 1918 1418 1980 accessit,
1452 1918 1639 1981 equites

122 1988 223 2034 eius
244 2001 398 2051 usque
415 1985 473 2035 ad
495 1993 690 2050 portam.
740 1986 852 2036 Mox
871 1985 1119 2035 consulum
1150 1994 1277 2035 metu
1298 2002 1404 2035 cum
1430 1987 1641 2035 exercitu

119 2057 387 2105 venientum
408 2054 634 2105 Hannibal
652 2056 711 2106 ad
738 2054 1037 2120 Campaniam
1061 2071 1114 2105 se
1133 2057 1337 2119 recepit.
1392 2054 1445 2104 In
1469 2054 1636 2117 Hispa-

120 2127 194 2174 nia
214 2141 240 2174 a
259 2125 402 2174 fratre
421 2126 522 2173 eius
543 2124 832 2175 Hasdrubale
853 2127 990 2175 ambo
1011 2125 1280 2189 Scipiones,
1315 2127 1394 2189 qui
1419 2139 1504 2188 per
1519 2123 1636 2171 ¹mul-

120 2202 195 2242 tos
215 2208 361 2243 annos
380 2195 591 2242 victores
611 2195 814 2256 fuerant,
844 2195 1198 2257 interficiuntur,
1219 2196 1458 2248 exemims
1482 2200 1637 2242 tamen

122 2265 306 2325 integer
324 2264 505 2311 mansit.
553 2261 677 2311 Casu
693 2264 818 2312 enim
837 2265 986 2327 magis
1000 2271 1153 2326 v‹ta-mit,
1175 2277 1310 2327 quam
1330 2254 1517 2323 virtute}
1558 2262 1636 2310 de-

123 2332 264 2395 cepti.
330 2330 438 2390 Quo
472 2338 693 2395 tempore
732 2333 868 2381 etiam
905 2348 931 2381 a
966 2332 1164 2381 consule
1187 2331 1413 2382 Marcello
1444 2330 1636 2379 Siciliae
1655 2344 1746 2377 Ab.

122 2407 291 2463 magna
306 2415 414 2464 pars
436 2408 571 2464 capta
590 2408 680 2463 est,
704 2416 840 2466 quam
859 2409 1022 2450 tenere
1042 2402 1143 2450 Afri
1173 2408 1445 2465 coeperant,
1486 2407 1534 2448 et
1552 2414 1634 2448 no·
1661 2402 1734 2433 ⁵⁴⁰·

122 2469 379 2519 bilissimae
406 2470 534 2519 urbis
562 2470 885 2532 Syracusanae
907 2471 1085 2535 praeda
1116 2473 1282 2535 ingens
1311 2470 1507 2518 Romam
1533 2484 1638 2532 per-

122 2539 213 2588 lata
239 2545 326 2587 est.
375 2537 603 2588 Laevinus
634 2541 680 2589 in
707 2539 984 2590 Macedonia
1014 2555 1123 2590 cum
1150 2539 1368 2604 Philippo
1407 2547 1454 2588 et
1482 2537 1638 2587 multis

124 2607 351 2657 Graeciae
370 2607 559 2672 populis
589 2617 636 2659 et
650 2625 770 2674 rege
788 2610 932 2659 Asiae
951 2609 1108 2660 Attalo
1130 2611 1375 2659 amicitiam
1409 2608 1550 2669 fecit,
1592 2615 1639 2655 et

122 2677 180 2727 ad
213 2676 419 2727 Siciliam
449 2678 692 2741 profectus
711 2679 983 2730 Hannonem
1004 2679 1261 2744 quendam,
1299 2679 1520 2728 Afrorum
1554 2677 1634 2725 du·

124 2761 255 2809 cem,
290 2746 418 2811 apud
442 2746 748 2812 Agrigentum
768 2751 1002 2798 civitatem
1023 2765 1126 2799 cum
1155 2750 1261 2812 ipso
1283 2748 1461 2813 oppido
1488 2748 1633 2811 cepit,

124 2831 325 2880 eumque
351 2816 546 2866 Romam
574 2833 677 2866 cum
705 2820 904 2881 captivis
932 2818 1169 2868 nobilibus
1202 2819 1341 2867 misit.
1394 2834 1456 2867 xl.
1472 2818 1634 2865 civita·
