2026 3238
813 170 1030 214 LIBER
1076 172 1125 218 X.
1660 169 1723 219 77

214 306 360 355 ricum
397 303 696 354 obtinendum
739 302 980 366 profectus
1019 304 1292 355 Constantio
1327 306 1552 354 Parthicis
1591 305 1730 355 bellis
1762 331 1807 368 ι»,

215 380 464 438 occupato.
516 372 607 433 Qui
637 372 780 422 rebus
810 372 1012 434 cognitis
1039 373 1096 423 ad
1115 374 1288 423 bellum
1310 374 1448 423 civile
1469 389 1727 424 conversus
1743 388 1824 423 cr«

213 445 259 492 in
287 444 453 492 itinere
482 443 598 492 obiit
624 443 745 491 inter
770 438 981 490 Ciliciam
1010 441 1453 507 Cappadociamque
1489 457 1611 494 anno
1644 446 1726 493 im·
1746 444 1821 478 ³⁶¹·

214 514 333 576 perii
354 520 522 562 octavo
545 519 592 561 et
609 511 871 574 trigesimO,
903 513 1068 562 aetatis
1091 515 1251 577 quinto
1273 521 1320 562 et
1345 512 1724 577 quadragesimo,

213 583 474 647 meruitque
492 583 610 630 inter
634 581 784 629 Divos
813 578 999 643 referri,
1027 583 1098 630 vir
1118 584 1343 647 egregiae
1363 581 1724 648 tranquillitatis,

213 651 441 715 placidus„
472 651 606 700 nimis
627 651 789 699 amicis
810 656 858 698 et
878 650 1180 701 familiaribus
1207 651 1425 714 credens,
1455 666 1564 700 mox
1589 653 1726 700 etiam

211 721 434 770 uxoribus
454 720 679 782 deditior,
713 721 792 783 qui
819 727 973 769 tamen
1004 723 1166 784 primis
1197 723 1381 785 imperii
1403 723 1532 770 annis
1551 723 1727 785 ingenti

210 805 264 838 se
292 789 522 839 modestia
542 790 718 853 egerit,
750 788 1041 838 familiarium
1071 792 1210 840 etiam
1238 790 1553 855 locupletator
1571 805 1727 854 neque

209 859 464 908 inhonoros
484 860 643 908 sinens
656 895 670 921 ,
710 873 906 923 quorum
925 858 1162 909 laboriosa
1182 868 1404 924 expertus
1435 859 1604 908 fuisset
1623 859 1725 908 offi-

211 930 299 991 cia,
328 928 386 977 ad
412 929 710 977 severitatem
737 936 888 977 tamen
914 930 1217 992 propensior,
1249 931 1289 978 si
1310 930 1522 993 suspicio
1542 930 1727 992 imperii

209 1004 492 1060 moveretur,
523 999 646 1046 mitis
666 997 798 1059 aliaS,
833 1005 879 1045 et
898 999 1030 1046 cuius
1049 1000 1096 1047 in
1115 998 1332 1048 civilibus
1352 999 1501 1062 magis
1523 1013 1659 1062 quam
1679 999 1726 1047 in

209 1068 415 1117 externis
440 1067 581 1116 bellis
612 1068 673 1115 sit
700 1066 925 1116 laudanda
945 1067 1147 1117 fortuna.

314 1137 460 1187 ΟΛΡ.
486 1135 613 1185 XVI.
644 1135 825 1202 (VIII.)
871 1136 990 1185 Hinc
1017 1136 1220 1187 Iulianus
1251 1153 1406 1186 rerum
1428 1138 1604 1201 potitus
1632 1143 1722 1199 est,
1766 1149 1804 1182 P.

208 1208 481 1270 ingentique
500 1212 723 1270 apparatu
735 1205 913 1255 Parthis
939 1206 1090 1255 intulit
1114 1207 1306 1270 bellum,
1335 1208 1410 1255 cui
1431 1205 1724 1269 expeditioni
1742 1205 1834 1239 GN·

210 1289 300 1340 ego
322 1286 514 1339 quoque
532 1275 734 1324 interfui.
788 1274 984 1339 Aliquot
1002 1276 1175 1340 oppida
1202 1284 1250 1325 et
1270 1275 1463 1325 castella
1481 1274 1724 1324 Persarum
1743 1262 1816 1295 ³⁶³·

207 1347 252 1392 in
274 1344 558 1394 deditionem
578 1347 765 1408 accepit
783 1345 861 1393 vel
878 1347 925 1394 vi
947 1347 1250 1410 expugnavit,
1277 1345 1615 1409 Assyriamque
1636 1358 1721 1407 po-

209 1413 393 1477 pulatus
420 1421 570 1463 castra
599 1414 724 1478 apud
747 1412 1105 1478 Ctesiphontem
1134 1418 1300 1464 stativa
1329 1414 1610 1479 aliquamdiu
1643 1414 1723 1462 ha·

207 1481 321 1532 buit.
370 1483 701 1548 Remeansque
719 1485 890 1546 victor,
914 1484 1019 1532 dum
1038 1500 1090 1532 se
1110 1484 1416 1534 inconsultius
1437 1482 1632 1547 proeliis
1656 1484 1722 1530 in-

207 1554 339 1616 serit,
368 1552 527 1602 hostili
546 1568 680 1602 manu
707 1553 984 1602 interfectus
1007 1561 1080 1603 est
1102 1570 1168 1605 vr.
1190 1552 1385 1603 Kalend.
1406 1552 1548 1601 Iulias
1576 1554 1720 1615 impe·
1765 1567 1805 1598 p,

206 1625 260 1672 rii
282 1637 399 1671 anno
421 1623 652 1686 septimo,
691 1624 854 1671 aetatis
875 1622 1022 1671 altero
1044 1630 1092 1671 et
1111 1625 1376 1688 trigesimo.
1431 1622 1587 1686 Atque
1605 1623 1725 1669 inter
1744 1622 1819 1656 GN

205 1691 355 1740 Divos
378 1692 552 1741 relatus
576 1700 664 1754 est,
696 1694 768 1740 vir
793 1694 1016 1756 egregius
1037 1700 1084 1741 et
1102 1708 1201 1741 rem
1226 1691 1461 1756 publicam
1479 1691 1726 1755 insigniter
1742 1680 1815 1713 3⁶³·

206 1761 557 1824 moderaturuS,
592 1763 632 1809 si
654 1776 740 1824 per
757 1761 850 1810 fata
868 1761 1099 1810 licuisset.
1151 1761 1441 1811 Liberalibus
1461 1759 1724 1823 disciplinis

205 1833 415 1895 apprime
436 1829 662 1892 eruditum
686 1829 879 1879 Graecis
908 1831 1110 1893 doctior,
1151 1839 1292 1895 atque
1313 1830 1462 1892 adeo,
1492 1837 1542 1878 ut
1565 1829 1722 1878 Latina

207 1900 407 1949 eruditio
438 1914 732 1965 nequaquam
762 1914 867 1947 cum
897 1899 1076 1949 Graeca
1100 1902 1297 1949 scientia
1327 1901 1626 1961 conveniret,
1656 1898 1721 1948 fa-

206 1969 372 2019 cundia
394 1970 571 2032 ingenti
592 1976 640 2018 et
657 1977 888 2033 prompta,
911 1971 1164 2019 memoriae
1185 1970 1532 2030 tenacissimae,
1555 1969 1601 2016 in
1623 1969 1719 2032 qui·

206 2038 399 2088 busdam
419 2038 707 2102 philosopho
728 2040 938 2102 propior.
974 2037 1026 2087 In
1053 2041 1230 2088 amicos
1255 2037 1464 2087 liberalis
1480 2074 1495 2100 ‚
1532 2036 1618 2086 sed
1639 2037 1721 2084 mi-

204 2124 290 2157 nus
309 2107 528 2171 dlligenS,
552 2115 872 2172 quamtantum
892 2109 1154 2172 principem
1165 2107 1338 2156 decuit.
1376 2106 1584 2155 Fuerunt
1603 2107 1722 2154 enim

204 2175 429 2237 nonnulli,
462 2178 541 2239 qui
560 2176 753 2224 vulnera
772 2176 954 2239 gloriae
975 2178 1078 2225 eius
1098 2177 1338 2224 inferrent.
1387 2174 1439 2223 In
1461 2176 1722 2238 provincia·

204 2244 278 2294 les
301 2245 584 2293 iustissimus
604 2252 650 2293 et
660 2244 953 2307 tributorum,
976 2252 1204 2309 quatenus
1215 2245 1313 2293 fieri
1329 2251 1513 2308 posset,
1532 2258 1720 2307 repres-

206 2326 302 2363 sor.
344 2313 506 2363 Civilis
527 2315 574 2362 in
592 2320 816 2376 cunctos,
846 2313 1134 2363 mediocrem
1154 2314 1330 2363 habens
1351 2314 1516 2362 aerarii
1546 2328 1719 2374 curam,

204 2384 384 2449 gloriae
404 2382 566 2433 avidus
582 2398 638 2432 ac
657 2397 745 2447 per
762 2398 863 2433 eam
882 2385 1018 2432 animi
1044 2383 1320 2448 plerumque
1339 2381 1591 2445 immodici,
1614 2381 1721 2430 reli·

205 2455 361 2518 gionis
384 2450 675 2502 Christianae
709 2454 990 2516 insectator,
1030 2453 1225 2516 perinde
1253 2460 1432 2514 tamen,
1474 2459 1523 2500 ut
1551 2466 1720 2500 cruore

206 2524 478 2585 abstineret,
500 2520 659 2571 Marco
680 2521 915 2571 Antonino
939 2536 1031 2571 non
1051 2522 1294 2584 absimilis,
1319 2537 1458 2586 quem
1479 2522 1619 2570 etiam
1642 2536 1720 2570 ae-

205 2591 366 2642 mulari
388 2590 618 2640 studebat.

311 2661 395 2710 CA
416 2677 460 2709 ι».
494 2659 642 2709 XVII.
673 2659 808 2727 (lx.)
865 2660 977 2709 Post
995 2661 1118 2709 hunc
1136 2659 1375 2723 Iovianus,
1411 2661 1489 2725 qui
1509 2666 1618 2708 tunc
1638 2658 1697 2706 do

205 2732 428 2779 mesticus
468 2729 716 2792 militabat,
767 2730 825 2778 ad
863 2729 1161 2779 obtinendum
1199 2731 1444 2794 imperium
1483 2742 1717 2778 consensu

207 2801 440 2849 exercitus
461 2798 612 2847 lectus
633 2806 722 2862 est,
749 2799 1150 2848 commendatione
1170 2801 1313 2863 patris
1334 2814 1470 2863 quam
1496 2813 1579 2847 sua
1600 2797 1715 2846 mili-
