2026 3238
253 720 343 754 CiN.

262 777 336 810 273.

368 159 439 210 66
965 162 1368 208 EUTROPII

365 300 411 347 in
433 297 583 347 Gallia
605 296 841 345 Tetricum
861 296 983 359 apud
1009 295 1288 346 Catalaunos
1316 298 1422 359 ipso
1435 294 1621 344 Tetrico
1650 296 1878 360 prodente

364 369 620 416 exercitum
640 381 798 427 suum,
843 366 974 413 cuius
995 365 1206 414 assiduas
1236 365 1493 414 seditiones
1518 365 1642 413 ferre
1667 379 1759 414 non
1795 380 1878 430 po-

361 443 495 485 terat.
553 435 677 496 Quin
697 436 836 484 etiam
857 449 940 498 per
960 434 1118 484 liter-as
1140 435 1349 484 occultas
1369 434 1668 483 Aurelianum
1698 436 1759 483 ita
1778 434 1876 484 fue-

362 512 431 554 rat
467 505 772 569 deprecatus,
820 511 869 552 ut
906 504 1024 552 inter
1061 504 1150 554 alia
1182 520 1323 553 versu
1356 503 1613 567 Virgiliano
1646 511 1878 554 uteretur:

365 573 527 638 Eripe
547 591 625 623 me
649 575 726 637 Itis
747 574 930 623 invicte
951 574 1113 622 malis,
1155 573 1407 623 Zenobiam
1429 587 1637 638 quoque,
1662 588 1783 638 quae
1798 588 1878 622 oc-

366 645 466 692 ciso
503 642 747 692 Odenatho
780 643 944 691 marito
976 641 1214 692 Orientem
1247 643 1458 705 tenebat,
1495 642 1617 691 haud
1644 642 1788 707 longe
1820 643 1877 692 ab

363 713 613 762 Antiochia
642 713 744 761 sine
772 713 902 776 gravi
932 711 1116 775 proelio
1151 713 1294 776 cepit,
1326 714 1662 776 ingressusque
1684 712 1879 761 Romam

361 782 566 831 nobilem
594 782 874 845 triumphum
895 783 1026 846 quasi
1047 790 1269 846 receptor
1288 781 1491 830 Orientis
1513 781 1878 848 occidentisque

364 853 462 916 egit
487 866 670 900 currum
691 850 1084 915 praecedentibus
1104 850 1290 900 Tetrico
1314 859 1362 900 et
1379 851 1604 901 Zenobia.
1665 851 1756 912 Qui
1778 853 1877 916 qui-

363 922 468 969 dem
497 919 710 969 Tetricus
741 927 983 970 corrector
1011 920 1241 970 Lucaniae
1269 929 1436 984 postea
1464 922 1550 969 fuit
1585 936 1641 969 ac
1674 923 1878 985 privatus

362 990 622 1039 diutissime
641 991 783 1046 vixit;
822 989 1032 1039 Zenobia
1058 998 1211 1039 autem
1233 997 1472 1054 posteros,
1509 991 1586 1054 qui
1609 988 1759 1038 adhuc
1785 1005 1882 1051 ma-⁴

361 1067 487 1120 nent,
508 1059 688 1108 Romae
707 1059 910 1123 reliquit.
1845 1120 1850 1124 ,

465 1129 607 1178 CAP.
639 1127 764 1176 XIV.
813 1127 917 1177 Hoc
952 1130 1211 1192 imperante
1242 1130 1380 1178 etiam
1413 1129 1655 1177 monetarii
1682 1129 1729 1176 in
1762 1129 1882 1180 urbe.

362 1197 707 1247 rebellaverunt
725 1198 899 1247 vitiatis
922 1200 1137 1262 pecuniis
1167 1206 1214 1248 et
1248 1197 1546 1247 Felicissimo
1570 1197 1785 1247 rationali
1809 1199 1875 1246 in-

362 1268 578 1316 terfecto,
627 1267 759 1327 Quos
777 1267 1057 1317 Aurelianus
1080 1269 1235 1318 victos
1264 1267 1422 1317 ultima
1448 1267 1721 1316 crudelitate
1749 1276 1874 1315 com-

364 1339 563 1400 pescuit.
601 1336 829 1387 Plurimos
848 1337 1034 1386 nobiles
1047 1340 1202 1402 capite
1220 1338 1464 1388 damnavit.
1505 1336 1685 1386 Saevus
1707 1343 1753 1385 et
1772 1337 1874 1385 san-

360 1408 627 1469 guinariuS,
666 1422 722 1455 ac
756 1409 1055 1456 necessarius
1082 1409 1231 1472 magis
1261 1409 1307 1456 in
1332 1407 1632 1472 quibusdam,
1670 1422 1805 1470 quam
1829 1408 1874 1454 in

362 1475 457 1524 ullo
480 1475 690 1525 amabilis
709 1478 978 1540 imperator.
1017 1476 1142 1525 Trux
1161 1479 1534 1540 omnitempore,
1549 1478 1684 1525 etiam
1698 1475 1777 1524 filii
1798 1490 1872 1523 so·

360 1547 480 1597 roris
503 1545 794 1608 interfector,
818 1545 1095 1609 disciplinae
1113 1554 1268 1595 tamen
1287 1545 1496 1595 militaris
1522 1553 1569 1594 et
1587 1560 1764 1594 morum
1782 1545 1872 1594 dis·

360 1614 616 1663 solutorum
643 1630 810 1679 magna
830 1631 890 1663 ex
914 1623 1045 1678 parte
1066 1623 1320 1665 corrector.
1855 1618 1861 1623 '

463 1684 603 1732 ΟΜ».
629 1684 730 1732 XV.
793 1685 967 1734 Urbem
992 1684 1188 1736 Romam
1224 1686 1366 1750 muris
1401 1685 1680 1734 firmioribus
1714 1686 1870 1734 cinxit.

358 1751 600 1817 Templum
612 1753 711 1801 Soli
732 1753 1013 1817 aedificavit,
1031 1755 1082 1804 in
1097 1769 1190 1821 quo
1210 1755 1433 1804 infinitum
1452 1756 1550 1804 auri
1568 1771 1869 1819 gemmarum-

358 1837 450 1887 que
472 1824 728 1871 constituit.
783 1821 1075 1872 Provinciam
1102 1824 1321 1886 Daciam,
1356 1840 1491 1888 quam
1512 1822 1733 1872 Traianus
1753 1824 1869 1873 ultra

355 1891 616 1941 Danubium
636 1892 832 1955 fecerat,
860 1894 1106 1942 intermisit
1124 1901 1304 1942 vastato
1327 1895 1449 1941 omni
1469 1892 1658 1955 Illyrico
1681 1892 1867 1942 etMoe·

355 1963 423 2010 sia
452 1961 710 2026 desperans
740 1978 842 2011 eam
874 1976 1020 2026 posse
1039 1964 1246 2024 retineri,
1282 1962 1605 2027 abductosque
1630 1963 1867 2011 Romanos

356 2046 414 2078 ex
437 2031 632 2079 urbibus
655 2037 703 2078 et
727 2032 853 2095 agris
872 2030 1051 2080 Daciae
1071 2033 1117 2080 in
1136 2031 1286 2081 media
1306 2030 1488 2082 Moesia
1515 2032 1766 2081 collocavit
1786 2046 1865 2096 ap-

352 2098 640 2163 pellavitque
667 2114 768 2147 eam
788 2099 1007 2162 Daciam,
1049 2117 1169 2164 quae
1191 2117 1313 2150 nunc
1340 2101 1453 2151 duas
1471 2101 1677 2150 Moesias
1706 2101 1868 2150 dividit

354 2175 401 2216 et
420 2175 492 2217 est
511 2170 557 2217 in
581 2167 742 2217 dextra
761 2169 978 2218 Danubio
1004 2171 1050 2218 in
1067 2186 1192 2218 mare
1213 2170 1394 2232 fluenti,
1433 2187 1536 2219 cum
1565 2179 1698 2219 antea
1727 2171 1866 2219 fuerit

263 2242 265 2245 ’
351 2238 397 2286 in
415 2236 563 2287 laeva.
614 2237 854 2287 Occiditur
873 2239 997 2287 servi
1022 2241 1094 2288 sui
1121 2239 1301 2303 fraude,
1326 2242 1404 2305 qui
1424 2240 1482 2290 ad
1503 2240 1729 2305 quosdam
1747 2239 1863 2288 mili-

351 2314 476 2357 tares
505 2309 652 2370 virm,
683 2309 861 2357 amicos
881 2309 1047 2373 ipsiuS,
1079 2311 1263 2358 nomina
1283 2310 1471 2374 pertulit
1501 2318 1714 2359 annotata
1743 2308 1860 2358 falso

350 2391 530 2426 manum
558 2378 661 2426 eius
693 2378 923 2441 imitatus,
962 2385 1178 2443 tanquam
1212 2378 1489 2429 Aurelianus
1519 2381 1650 2444 ipsos
1682 2386 1864 2442 pararet

350 2446 588 2495 occidere.
649 2445 815 2512 Itaque
847 2454 897 2496 ut
919 2449 1288 2511 praeveniretur,
1322 2450 1379 2498 ab
1403 2449 1568 2498 iisdem
1590 2448 1860 2497 interfectus

350 2523 424 2564 est
445 2517 491 2565 in
515 2516 694 2565 itineris
713 2516 897 2579 medio,
937 2517 1063 2581 quod
1091 2518 1209 2565 inter
1230 2517 1666 2582 Constantinopolin
1695 2525 1741 2566 et
1769 2516 1860 2566 He-

349 2584 550 2633 racleam
571 2591 646 2634 est
664 2592 834 2634 stratae
852 2587 1045 2634 veteriS.
1101 2585 1254 2635 Locus
1277 2586 1677 2652 Caenophrurium
1696 2585 1858 2652 appel-

347 2652 477 2702 latur.
505 2652 634 2702 Mors
652 2661 806 2703 tamen
827 2656 928 2703 eius
947 2655 1089 2704 inulta
1107 2670 1201 2704 non
1220 2656 1317 2708 fuit.
1346 2656 1516 2706 Meruit
1534 2672 1724 2722 quoque
1741 2657 1860 2705 inter

345 2719 495 2770 Divos
513 2722 697 2771 referri.
744 2721 994 2787 Imperavit
1017 2738 1163 2774 annos
1189 2728 1411 2791 quinque,
1432 2742 1619 2775 menses
1647 2743 1709 2774 vr.

449 2790 587 2841 clu».
607 2790 731 2840 xvl.
745 2791 858 2857 (X.)
885 2791 1071 2843 Tacitus
1095 2802 1202 2858 post
1222 2795 1342 2844 hunc
1363 2798 1573 2860 suscepit
1591 2794 1849 2858 imperium,
