2026 3238
755 178 1067 224 LlBERll
1650 178 1682 226 9

162 313 385 363 obsidens
414 316 569 378 cepit,
622 314 987 379 antiquissimam
1024 312 1183 363 Italiae
1216 322 1357 379 atque
1387 315 1674 364 ditissimam.
1692 310 1768 343 ΑΒ

159 382 272 432 Post
291 398 395 432 eam
414 385 543 447 cepit
569 390 615 432 et
634 382 867 445 FaliscoS,
899 395 994 431 non
1019 386 1169 432 minus
1191 383 1399 433 nobilem
1425 387 1673 435 civitatem.
1690 365 1769 456 {⁵23

161 452 257 500 Sed
278 460 508 502 commota
521 460 594 501 est
605 454 648 501 ei
669 452 857 514 invidia,
877 454 1012 516 quasi
1034 452 1252 516 praedam
1269 453 1391 503 male
1414 454 1673 517 divisisset,
1690 446 1782 513 36'11'

160 521 493 586 damnatusque
504 522 565 570 ob
588 537 692 571 eam
712 537 925 572 caussam
938 529 985 571 et
996 522 1222 586 expulsus
1242 525 1430 573 civitate
1446 531 1535 572 est.
1574 525 1674 572 Sta·
1691 537 1782 573 ΛΑ).

158 592 239 640 tim
258 588 376 640 Galli
395 591 613 640 Senones
641 591 699 640 ad
719 592 880 640 urbem
906 600 1159 655 venerunt,
1192 600 1240 641 et
1256 595 1411 642 victos
1438 593 1677 643 Romanos
1691 592 1770 626 3⁶⁴·

157 660 406 709 undecimo
426 660 624 710 miliario
643 676 670 710 a
684 661 834 710 Roma
856 661 982 726 apud
1000 661 1171 711 flumen
1180 662 1350 712 Alliam
1369 664 1522 713 secuti
1542 664 1680 712 etiam

156 730 319 779 urbem
337 739 639 794 occuparunt.
695 730 863 796 Neque
895 730 1084 780 defendi
1114 732 1365 797 quidquam
1379 771 1393 796 ,
1427 735 1518 782 nisi
1540 732 1677 797 Capi·

154 798 317 848 tolium
332 836 347 862 ,
376 802 553 864 potuit,
610 801 738 866 quod
764 816 869 850 cum
889 801 966 849 diu
990 801 1289 851 obsedissent
1307 810 1354 852 ct
1374 805 1462 852 iam
1481 803 1678 852 Romani

154 868 276 917 fame
295 868 577 933 laborarent,
599 885 627 920 a
646 869 863 933 Camillo,
885 871 964 935 qui
984 871 1031 919 in
1049 871 1203 920 vicina
1230 873 1419 921 civitate
1439 872 1766 934 exulabat,A-U·

156 936 301 987 Gallis
335 947 667 1004 superventum
696 948 770 989 est
795 941 1173 1005 gravissimeque
1190 943 1303 990 victi
1331 950 1451 992 sunt.
1506 941 1674 989 Postea
1686 931 1759 965 ³⁶⁵·

153 1015 308 1057 tamen
329 1017 531 1073 accepto
557 1012 695 1059 etiam
719 1024 864 1072 auro,
895 1025 956 1059 ne
977 1008 1262 1074 Capitolium
1283 1011 1573 1073 obsiderent,
1602 1025 1675 1058 re·

155 1085 417 1141 cesserunt,
432 1078 516 1127 sed
526 1087 719 1128 secutus
731 1092 818 1128 eos
834 1077 1058 1129 Camillus
1077 1081 1141 1129 ita
1156 1080 1345 1143 cecidit,
1367 1089 1478 1129 utet
1496 1095 1672 1141 aurum,

154 1146 280 1210 quod
302 1149 362 1196 iis
380 1147 534 1197 datum
554 1149 722 1210 fuerat,
757 1157 805 1198 et
824 1151 1002 1211 omnia,
1036 1164 1158 1214 quae
1178 1158 1430 1214 ceperant,
1461 1150 1674 1199 militaria

152 1217 285 1279 sig-na
305 1226 564 1267 revocaret.
604 1217 672 1266 Ita
692 1221 832 1267 tertio
852 1219 1139 1282 triumphans
1159 1220 1322 1268 urbem
1342 1222 1585 1284 ingressus
1599 1226 1770 1273 estAn.

150 1292 197 1401 gt
212 1286 477 1350 appellatus
500 1287 735 1336 secundus
747 1287 992 1350 Romulus,
1016 1290 1148 1352 quasi
1169 1296 1216 1337 et
1235 1291 1339 1352 ipse
1353 1292 1530 1352 patriae
1548 1303 1659 1336 con·
1683 1294 1760 1330 36⁵-

181 1355 288 1404 itor.

489 1537 766 1592 LIBER
823 1536 1326 1592 SECUNDUS.

679 1693 709 1732 A
728 1692 761 1732 lt
778 1694 806 1732 G
824 1694 851 1733 U
868 1693 903 1731 Μ
924 1693 950 1732 B
970 1692 998 1732 Ν
1018 1694 1045 1732 Τ
1068 1694 1097 1734 U
1116 1693 1165 1733 Ι.

233 1776 275 1820 1.
307 1775 479 1817 Tribuni
509 1777 711 1818 militares
739 1778 949 1819 consulari
982 1782 1191 1830 potestate
1218 1789 1295 1830 pro
1327 1777 1492 1817 duobus
1524 1789 1672 1817 consu-

66 1855 71 1860 ·
147 1833 257 1874 libus
286 1839 491 1874 creantur.
538 1833 737 1875 Camillus
752 1834 945 1882 Volscos,
975 1836 1146 1884 Aequos
1181 1840 1222 1873 et
1238 1832 1441 1881 Sutrinos,
1484 1831 1527 1873 2.
1546 1832 1672 1881 Quin-

146 1891 231 1931 tius
262 1888 528 1932 Cincinnatus
558 1890 849 1934 Praenestinos
882 1891 1024 1930 vincit.
1086 1887 1129 1932 3.
1161 1890 1208 1930 In
1237 1890 1374 1930 locum
1414 1890 1672 1930 tribunorum

148 1947 392 1988 militarium
409 1948 618 1989 consulari
632 1953 840 2003 potestate
870 1948 1102 1987 succedunt
1114 1959 1258 1986 rursus
1276 1946 1486 1987 consules.
1532 1943 1576 1987 4.
1596 1945 1671 1987 Ca-

146 2004 249 2045 milli
275 2017 388 2046 mors
426 2011 466 2046 et
492 2005 599 2046 laus.
662 2005 704 2047 5.
735 2004 947 2046 Gallorum
991 2006 1034 2045 in
1072 2002 1235 2044 Italiam
1277 2005 1521 2044 irruentium
1554 2003 1671 2058 fuga.

145 2059 188 2104 6.
224 2060 384 2103 Census
413 2064 564 2104 iterum
590 2062 783 2104 habetur.
832 2061 887 2102 Μ.
918 2061 1113 2102 Valerius
1145 2063 1188 2101 in
1211 2061 1417 2115 singulari
1448 2062 1672 2102 certamine

146 2117 311 2160 Gallum
329 2121 472 2162 vincit.
517 2117 557 2163 7.
575 2120 738 2161 Bellum
769 2126 912 2160 contra
924 2119 1096 2160 Latinos
1122 2130 1323 2172 prospere
1339 2124 1520 2172 gestum.
1562 2115 1607 2159 8.
1625 2115 1670 2162 9.

145 2175 301 2217 Variae
332 2175 582 2217 Samnitium
612 2177 768 2226 clades,
800 2176 952 2227 quibus
984 2174 1223 2216 diuturnum
1256 2175 1359 2216 illud
1389 2175 1546 2216 bellum
1573 2175 1670 2215 sub-

147 2232 276 2273 latum
306 2239 383 2275 est.
446 2233 515 2274 10.
544 2235 731 2274 Victoria
774 2233 824 2273 de
856 2231 987 2273 Gallis
1017 2232 1266 2284 illorumque
1297 2232 1423 2274 sociis
1450 2232 1598 2273 Tuscis
1630 2239 1670 2272 et

148 2287 417 2330 Samnitibus.
469 2289 521 2330 11
539 2316 558 2323 -
576 2288 645 2331 14.
674 2289 835 2330 Bellum
861 2289 1130 2329 Tarentinum
1161 2295 1203 2329 et
1232 2301 1328 2329 cum
1353 2289 1523 2343 Pyrrho,
1554 2290 1670 2342 Epiri

146 2358 261 2400 rege,
280 2346 401 2399 >Italis
427 2347 568 2388 multis
600 2348 740 2390 sociis.
792 2345 861 2389 15.
888 2346 1151 2387 Ptolemaeus
1179 2346 1363 2400 Aegypti
1391 2359 1466 2388 rex
1507 2346 1547 2386 le
1603 2352 1670 2386 tos

147 2403 325 2444 Romam
353 2405 491 2448 mittit.
530 2401 602 2447 16.
635 2404 825 2445 Picentes
854 2404 1076 2444 vincuntur
1106 2400 1175 2445 17.
1200 2410 1242 2444 et
1259 2403 1490 2444 Sallentini.
1521 2402 1547 2443 1
1597 2401 1668 2444 28.

148 2459 308 2501 Census
324 2462 495 2503 civium.
536 2461 697 2502 Bellum
714 2462 915 2502 Punicum
932 2461 1114 2514 primum
1144 2462 1317 2513 eiusque
1333 2461 1524 2501 diversae
1538 2461 1666 2501 vices.

256 2531 402 2582 Car.
432 2529 471 2580 1.
526 2530 661 2581 Anno
697 2532 1031 2582 trecentesimo
1068 2533 1369 2595 sexagesimo
1411 2532 1572 2594 quinto
1610 2530 1667 2578 ab

146 2600 265 2650 urbe
284 2599 488 2663 condita,
513 2609 624 2664 post
645 2609 827 2665 captam
853 2609 1008 2651 autem
1027 2602 1203 2666 primo,
1246 2601 1497 2664 dignitates
1523 2606 1667 2647 muta-

146 2677 222 2719 tae
250 2678 382 2734 suut,
418 2677 467 2719 et
496 2684 584 2734 pro
603 2671 787 2720 duobus
820 2670 1092 2721 consulibus
1118 2671 1229 2720 facti
1248 2670 1419 2720 tribuni
1443 2668 1664 2718 militares
1683 2685 1769 2721 Ast.

147 2740 384 2790 consulari
405 2747 657 2803 potestate.
694 2740 814 2790 Hinc
830 2742 921 2790 iam
938 2742 1098 2805 coepit
1108 2740 1318 2789 Romana
1330 2755 1409 2788 res
1424 2753 1661 2788 crescere.
1681 2741 1758 2775 ³¹³·

148 2809 265 2860 Nam
286 2809 508 2860 Camillus
530 2824 589 2859 eo
609 2824 730 2859 anno
740 2810 1025 2860 Volscorum
1046 2811 1308 2872 civitatem,
1342 2823 1464 2874 quae
1477 2823 1563 2873 per
1591 2823 1664 2857 se·
