2026 3238
724 175 964 220 LIBER
1001 177 1082 222 Vll.
1587 171 1653 224 53

252 308 293 357 C
307 326 338 358 Λ
354 326 396 357 P.
423 307 572 358 XXII.
610 309 699 356 Per
719 310 837 358 haec
855 311 1072 357 inusitato
1092 309 1252 358 favore
1274 309 1470 358 dilectus
1491 312 1652 359 morbo

148 379 285 441 periit
314 380 358 426 in
380 393 451 441 ea,
486 393 576 442 qua
596 385 745 442 pater,
774 377 885 427 villa
911 386 1017 442 post
1041 378 1293 441 biennium,
1315 394 1502 428 menses
1523 387 1651 442 octo,

144 447 246 495 dies
265 463 344 510 xx,
373 462 508 512 quam
526 449 780 511 imperator
800 454 898 495 erat
915 447 1084 510 faotuS,
1107 449 1270 497 aetatis
1290 463 1409 496 anno
1434 449 1582 498 altero
1609 457 1653 497 et

145 516 519 580 quadragesimo.
575 515 747 564 Tantus
766 516 919 564 luctus
940 532 999 565 eo
1021 525 1203 566 mortuo
1224 517 1441 580 publicus
1467 518 1578 580 fuit,
1606 526 1654 566 ut

143 599 304 634 omnes
323 593 538 650 tanquam
555 587 600 633 in
620 587 808 650 propria
822 585 1050 635 doluerint
1065 587 1277 636 orbitate.
1314 587 1512 636 Senatus
1525 588 1651 635 obitu

142 656 292 718 ipsius
321 657 448 704 circa
471 669 722 718 vesperam
743 657 950 705 nuntiato
976 664 1118 705 nocte
1150 657 1316 720 irrupit
1339 658 1387 705 in
1409 658 1582 706 curiam
1609 664 1653 704 et

139 731 286 773 tantas
310 726 354 772 ei
379 731 562 772 mortuo
581 723 745 773 laudes
763 727 1033 790 gratiasque
1059 727 1320 790 congessit,
1351 734 1544 791 quantas
1563 727 1653 774 nec

140 794 246 840 vivo
266 807 466 858 unquam
487 801 650 857 egerat
666 809 758 842 nec
776 797 1029 858 praesenti.
1066 793 1192 844 Inter
1200 795 1351 843 Divos
1370 795 1546 844 relatus
1563 803 1650 843 est.

243 861 385 912 CAP.
411 860 587 912 xxm.
619 862 731 926 (XV
734 865 774 929 .)
828 862 1120 912 Domitianus
1155 877 1265 912 mox
1291 867 1478 928 accepit
1507 866 1651 927 impe-

137 933 270 994 rium,
293 932 436 982 frater
459 934 610 996 ipsius
628 933 805 995 iunior,
839 932 1015 982 Neroni
1040 941 1117 981 aut
1145 931 1388 996 Caligulae
1413 941 1491 982 aut
1513 931 1649 982 Tibe-

137 1002 207 1050 rio
231 1001 442 1064 similior,
471 1017 608 1066 quam
627 1004 746 1065 patri
769 1002 848 1051 vel
868 1002 995 1050 fratri
1019 1017 1123 1051 suo.
1159 1001 1323 1051 Primis
1343 1010 1496 1051 tamen
1522 1003 1651 1051 annis

137 1070 402 1120 moderatus
427 1073 474 1119 in
491 1073 690 1134 imperio
710 1071 822 1134 fuit,
855 1086 966 1119 mox
986 1071 1044 1120 ad
1063 1073 1268 1135 ingentia
1289 1073 1400 1120 vitia
1430 1086 1651 1136 progres-

138 1225 192 1258 se
211 1206 306 1258 od'ii
333 1211 609 1271 concitavit,
653 1217 702 1258 ut
727 1211 891 1259 merita
921 1218 966 1258 et
995 1212 1138 1274 patris
1175 1218 1221 1258 et
1247 1210 1402 1259 fratris
1427 1210 1650 1259 aboleret.

136 1278 378 1328 Interfecit
405 1278 724 1327 nobilissimos
755 1294 814 1327 ex
845 1287 1023 1329 senatu.
1089 1279 1337 1328 Dominum
1367 1295 1421 1328 se
1450 1288 1497 1329 et
1517 1279 1651 1328 deum

139 1351 313 1412 primus
330 1347 559 1412 appellari
582 1350 731 1397 iussit.
770 1348 954 1397 Nullam
983 1350 1071 1397 sibi
1092 1350 1181 1398 nisi
1202 1364 1388 1398 auream
1417 1357 1463 1397 et
1488 1364 1652 1412 argen-

135 1426 256 1467 team
286 1422 480 1466 statuam
507 1419 554 1467 in
583 1417 818 1482 Capitolio
847 1420 957 1482 poni
979 1433 1148 1482 passus
1180 1426 1268 1468 est.
1327 1417 1649 1467 Consobrinos

137 1502 249 1536 suos
271 1487 523 1536 interfecit.
578 1487 807 1552 Superbia
837 1501 1028 1552 quoque
1058 1489 1103 1536 in
1130 1502 1188 1536 eo
1211 1488 1517 1537 exsecrabilis
1548 1488 1648 1535 fuit.

135 1556 478 1621 Expeditiones
509 1565 707 1621 quatuor
737 1557 920 1619 habuit,
966 1573 1101 1606 unam
1127 1556 1378 1606 adversum
1398 1558 1647 1618 Sarmatas,

136 1626 327 1675 alteram
353 1626 599 1675 adversum
626 1625 808 1689 Cattos,
834 1627 950 1674 duas
967 1626 1215 1675 adversum
1235 1626 1413 1675 Dacos
1463 1626 1538 1675 De
1555 1625 1648 1675 Da-

136 1697 206 1744 cis
231 1694 477 1760 Gattisque
496 1695 732 1759 duplicem
756 1695 1037 1759 triumphum
1064 1697 1183 1759 egit,
1227 1696 1286 1744 de
1319 1696 1538 1745 Sarmatis
1574 1710 1651 1744 so-

134 1765 224 1814 lam
250 1764 455 1829 lauream
474 1768 732 1829 usurpavit.
766 1764 936 1814 Multas
963 1764 1150 1829 quidem
1171 1765 1458 1814 calamitates
1484 1765 1649 1813 iisdem

133 1834 271 1884 bellis
299 1849 467 1898 passus
489 1842 576 1882 est.
644 1834 762 1883 Nam
789 1836 835 1882 in
854 1835 1078 1883 Sarmatia
1107 1833 1236 1897 legio
1265 1835 1367 1882 eius
1398 1849 1502 1882 cum
1532 1833 1651 1882 duce

134 1904 382 1954 interfecta
410 1911 458 1951 et
475 1919 503 1953 a
520 1904 665 1953 Dacis
685 1903 868 1967 Oppius
890 1903 1087 1952 Sabinus
1114 1903 1373 1952 consularis
1406 1911 1454 1952 et
1475 1902 1649 1952 Corne·

134 1973 224 2022 lius
241 1973 442 2036 Fuscus,
463 1974 732 2037 praefectus
754 1974 1009 2038 praetorio,
1041 1988 1145 2021 cum
1164 1975 1344 2036 magnis
1364 1971 1649 2022 exercitibus

136 2045 284 2092 occisi
312 2050 431 2092 sunt.
483 2043 663 2092 Romae
685 2058 875 2108 quoque
895 2042 1035 2091 multa
1059 2057 1205 2106 opera
1226 2042 1355 2104 fecit,
1395 2044 1442 2090 in
1466 2043 1538 2090 his
1560 2041 1645 2090 Ca-

135 2112 346 2176 pitolium
364 2120 411 2161 et
428 2112 600 2162 Fomm
618 2114 948 2174 transitorium,
961 2111 1161 2173 Odeum,
1177 2110 1404 2159 Divorum
1415 2110 1645 2173 Porticus„

134 2181 318 2244 Iseum,
363 2182 624 2245 Serapeum
658 2196 716 2230 ac
753 2181 975 2230 Stadium.
1037 2181 1210 2229 Verum
1237 2194 1341 2228 cum
1373 2180 1433 2229 ob
1461 2180 1645 2228 scelera

135 2252 368 2299 universis
398 2265 574 2299 exosus
599 2266 711 2299 esse
736 2251 1003 2313 coepisset,
1043 2249 1318 2298 interfectus
1355 2257 1428 2298 est
1455 2263 1644 2298 suorum
1689 2267 1731 2299 ι».

136 2320 457 2368 coniuratione
480 2321 527 2368 in
550 2319 724 2384 palatio
748 2333 867 2368 anno
897 2321 1061 2368 aetatis
1090 2335 1224 2380 x1.v.,
1272 2319 1454 2382 imperii
1485 2319 1645 2382 quinto
1665 2322 1757 2357 GN·

136 2390 335 2437 decimo.
370 2388 528 2437 Funus
548 2391 649 2437 eius
669 2404 775 2437 cum
792 2390 966 2452 ingenti
989 2388 1225 2437 dedecore
1249 2403 1334 2451 per
1355 2387 1645 2451 vespillones
1678 2378 1730 2414 ³⁶·

135 2466 425 2521 exportatum
446 2466 492 2507 et
510 2458 779 2522 ignobiliter
801 2466 872 2507 est
891 2458 1140 2522 sepultum.

740 2675 1037 2686 -—--—-—ae——--
