2026 3238
723 132 952 177 LIBER
989 134 1090 178 Vlll.
1601 130 1668 180 55

46 244 68 311 ’κῖ
147 272 208 319 tis
237 270 587 333 septuagesimo
614 276 660 316 et
680 268 827 316 altero
854 282 999 329 anno,
1041 275 1183 331 atque
1219 270 1337 316 inter
1362 268 1512 316 Divos
1547 268 1646 317 rela

148 348 222 388 tus
261 347 348 388 est.

254 409 398 458 Gar.
421 406 481 455 11.
521 407 764 455 Successit
785 407 829 454 ei
848 405 1016 469 Ulpius
1037 404 1240 455 Crinitus
1263 406 1504 469 Traianus,
1531 415 1665 456 natus

147 477 338 527 Italicae
357 479 402 525 in
414 475 654 540 Hispania,
678 474 850 524 familia
869 476 1055 539 antiqua
1064 477 1214 540 magis
1227 491 1365 540 quam
1381 475 1521 524 clara.
1550 475 1666 524 Nam

147 555 282 612 pater
293 548 396 595 eius
407 547 582 610 primus
603 543 767 593 consul
786 543 889 593 fuit.
926 543 1186 608 Imperator
1195 554 1347 594 autem
1362 545 1486 609 apud
1495 544 1666 609 Agrip-

148 619 301 681 pinam
333 617 379 664 in
403 614 546 664 Gallis
576 614 726 662 factus
756 622 846 662 est.
905 614 1022 663 Rem
1043 614 1277 678 publicam
1296 616 1360 664 ita
1378 614 1666 664 administra·

145 688 228 747 vit,
265 693 314 734 ut
332 684 546 733 omnibus
565 684 855 747 principibus
872 686 1039 732 merito
1065 685 1370 747 praeferatur.
1409 683 1665 733 Inusitatae

148 755 382 803 civilitatis
413 761 459 801 et
487 752 769 802 fortitudinis
789 753 889 801 fuit.
947 753 1143 802 Romani
1167 755 1374 817 imperii,
1410 753 1536 818 quod
1557 762 1667 816 post

145 825 406 887 Augustum
427 822 672 870 defensum
700 823 848 885 magis
883 822 1032 870 fuerat
1063 838 1199 886 quam
1227 823 1447 872 nobiliter
1478 823 1669 886 amplia-

145 900 265 956 tum,
301 893 418 940 fines
441 891 586 954 longe
604 890 794 955 lateque
821 890 1016 942 diffudit.
1063 892 1216 940 Urbes
1243 899 1369 940 trans
1389 892 1603 941 Rhenum
1621 893 1668 940 iu
1707 912 1749 944 P.

147 961 390 1011 Germania
406 961 657 1024 reparavit.
706 959 1154 1010 DaciamDecebalo
1174 962 1301 1010 victo
1325 962 1531 1024 subegit,
1556 974 1664 1024 pro·
1685 968 1771 1003 C·N

146 1033 298 1080 vincia
324 1038 449 1079 trans
478 1029 740 1078 Danubium
767 1030 891 1078 facta
927 1032 973 1078 in
1002 1032 1060 1078 iis
1090 1031 1234 1094 agris,
1273 1039 1393 1094 quos
1416 1046 1538 1079 nuuc
1558 1030 1661 1079 Tai-
1696 1025 1767 1059 ¹⁰⁶·

147 1101 271 1164 phali
302 1100 498 1162 habent,
533 1099 731 1148 Victoali
758 1107 804 1148 et
828 1099 1096 1163 Thervingi.
1119 1099 1214 1148 ‘Ea
1235 1101 1476 1163 provincia
1502 1099 1664 1148 decies

150 1177 348 1218 centena
365 1169 491 1217 milia
510 1183 733 1232 passuum
755 1171 802 1217 in
824 1171 1020 1217 circuitu
1042 1171 1203 1218 tenuit.

250 1239 391 1286 CAP.
434 1236 518 1285 111.
556 1237 837 1300 Armeniam,
861 1254 998 1302 quam
1019 1246 1367 1302 occupaverant
1390 1237 1563 1301 Parthi,
1590 1254 1663 1287 re·
1707 1253 1749 1285 P.

146 1309 273 1372 cepit
296 1306 632 1355 Parthamasire
661 1309 850 1370 occiso,
884 1310 962 1372 qui
990 1323 1092 1357 eam
1110 1309 1313 1357 tenebat.
1374 1307 1567 1357 Albanis
1589 1324 1664 1356 re·
1685 1310 1760 1344 GN

144 1393 254 1442 gem
273 1376 414 1426 dedit.
454 1375 695 1435 Iberorum
718 1393 879 1440 regem
908 1386 953 1426 et
974 1379 1345 1427 Sauromatarum
1364 1385 1410 1426 et
1428 1377 1663 1441 Bospora·
1695 1367 1754 1400 ¹¹⁴

145 1462 308 1496 norum
328 1453 375 1494 et
395 1445 598 1495 Arabum
618 1454 665 1495 et
692 1446 1043 1496 Osdroenorum
1078 1455 1124 1496 et
1144 1446 1428 1497 Colchorum
1453 1449 1499 1495 in
1530 1446 1667 1496 fidem

146 1518 345 1579 accepit.
384 1515 686 1579 Corduenos,
708 1515 917 1579 MardoS,
950 1516 1120 1566 Medos
1144 1518 1397 1581 occupavit
1422 1524 1469 1565 et
1491 1516 1667 1565 Anthe-

145 1588 356 1648 musiam,
388 1601 600 1649 magnam
619 1585 824 1634 Persidis
846 1588 1119 1650 regionem,
1150 1586 1418 1635 Seleuciam
1443 1594 1489 1635 et
1515 1585 1667 1635 Ctesi-

146 1657 384 1720 phontem,
405 1654 698 1719 Babylonem
719 1663 766 1704 et
785 1655 1053 1704 Messenios
1078 1657 1193 1704 vicit
1218 1671 1273 1705 ac
1293 1658 1454 1705 tenuit.
1503 1655 1669 1720 Usque

146 1725 204 1775 ad
222 1724 382 1773 Indiae
403 1725 518 1772 lines
540 1732 586 1773 et
606 1740 732 1773 mare
756 1725 944 1774 rubrum
969 1726 1175 1773 accessit
1192 1732 1334 1789 atque
1356 1726 1420 1773 ibi
1440 1733 1536 1774 tres
1558 1738 1666 1788 pro·

144 1795 323 1844 vincias
343 1794 474 1856 fecit,
505 1793 786 1857 Armeniam,
820 1795 1079 1857 Assyriam,
1099 1794 1515 1858 Mesopotamiam,
1561 1809 1664 1850 cum

145 1865 203 1912 iis
223 1864 469 1928 gentibus,
506 1877 627 1927 quae
644 1862 888 1913 Madenam
911 1865 1155 1927 attingunt.
1187 1863 1405 1913 Arabiam
1426 1871 1594 1927 postea
1619 1865 1666 1912 in

146 1935 419 1998 provinciae
445 1932 640 1981 formam
664 1932 866 1997 redegit.
923 1932 975 1981 ln
994 1935 1107 1981 mari
1138 1933 1279 1982 rubro
1315 1933 1514 1982 classem
1536 1934 1664 1981 insti-

145 2005 248 2066 tuit,
276 2010 327 2051 ut
348 2017 436 2066 per
454 2017 554 2050 eam
573 2000 734 2050 Indiae
761 2002 878 2051 fines
901 2010 1122 2051 vastaret.

249 2072 389 2121 Car.
409 2071 491 2122 lv,
520 2071 723 2120 Gloriam
743 2080 897 2121 tamen
920 2072 1163 2121 militarem
1188 2071 1412 2120 civilitate
1433 2079 1481 2121 et
1504 2072 1664 2119 mode-

145 2143 327 2191 ratione
360 2143 625 2206 superavit,
663 2141 845 2190 Romae
873 2150 919 2190 et
952 2156 1038 2204 per
1058 2143 1326 2205 provincias
1347 2141 1591 2205 aequalem
1613 2156 1667 2190 se

148 2212 363 2259 omnibus
398 2211 643 2272 exhibenS,
683 2212 861 2258 amicos
899 2210 1125 2259 salutandi
1164 2225 1332 2259 caussa
1363 2210 1667 2274 frequentans

147 2279 224 2328 vel
246 2287 545 2343 aegrotantes
570 2278 648 2327 vel
683 2294 786 2327 cum
819 2279 970 2328 festos
997 2279 1099 2328 dies
1121 2280 1412 2342 habuissent,
1450 2281 1666 2328 convivia

151 2365 255 2398 cum
275 2348 448 2397 ‚iisdem
471 2348 726 2398 indiscreta
751 2350 962 2398 vicissim
988 2349 1193 2412 habenS,
1225 2363 1372 2412 saepe
1406 2350 1453 2398 in
1472 2350 1665 2397 vehicu-

148 2419 206 2467 lis
219 2432 380 2467 eorum
400 2418 591 2483 sedens,
613 2418 787 2468 nullum
803 2426 1070 2468 senatorum
1086 2418 1295 2479 laedenS,
1316 2418 1436 2467 nihil
1450 2420 1667 2468 iniustum

149 2487 208 2536 ad
233 2487 494 2552 augendum
518 2488 681 2537 fiscum
702 2504 877 2553 agona,
922 2488 1128 2537 liberalis
1163 2490 1207 2537 in
1229 2496 1449 2551 cunctos,
1478 2487 1666 2551 publice

151 2559 461 2622 privatimque
485 2557 633 2607 ditans
661 2572 824 2607 omnes
853 2566 899 2607 et
917 2559 1176 2607 honoribus
1202 2574 1410 2622 augenS,
1441 2572 1560 2622 quos
1589 2557 1666 2606 vel

151 2626 376 2675 mediocri
403 2626 709 2676 familiaritate
740 2630 1065 2692 cognovisset,
1109 2629 1272 2677 orbem
1297 2636 1521 2677 terrarum
1542 2626 1668 2676 aedi-

156 2696 313 2759 floans,
354 2695 520 2745 multas
538 2698 846 2746 immunitates
873 2698 1138 2746 civitatibus
1158 2699 1392 2761 tribuens,
1441 2696 1553 2746 nihil
1573 2711 1666 2747 non

154 2765 445 2830 tranquillum
465 2773 511 2814 et
533 2765 762 2830 placidum
784 2782 955 2830 agens,
995 2766 1114 2816 adeo
1148 2775 1197 2815 ut
1225 2769 1347 2815 omni
1377 2768 1478 2816 eius
1515 2774 1669 2815 aetate
