2026 3238
268 630 355 663 AJJ.

271 687 344 722 707.

248 1941 290 1974 Α.
297 1940 339 1974 U.

263 1996 338 2031 7⁰8.

371 186 439 236 44
951 186 1322 236 EUTROPII

370 324 609 373 dictatoris
635 325 772 373 lilius.
832 323 1003 372 Contra
1032 326 1121 374 hos
1153 326 1405 373 commisso
1427 322 1610 386 proelio
1642 331 1751 389 post
1777 323 1890 374 mul·

369 401 439 441 tas
460 393 783 442 dimicationes
799 395 951 442 vietor
969 393 1055 442 fuit
1074 392 1265 445 Caesar.
1306 391 1442 455 Cato,
1457 393 1638 455 Scipio,
1655 390 1889 457 Petreius,

368 460 500 525 Iuba,
526 465 618 527 ipsi
639 479 693 512 se
711 462 1001 511 oeciderunt.
1059 462 1277 526 Faustus,
1302 462 1514 526 Pompeii
1534 476 1700 525 gener,
1723 477 1749 510 a
1768 460 1884 511 Cae-

369 546 475 581 sare
495 533 771 581 interfectus
795 539 883 580 est.

478 614 619 663 Car.
645 614 816 663 XXIV.
838 613 1020 679 (xlx.)
1070 614 1184 664 Post
1206 630 1372 664 annum
1392 613 1570 662 Caesar
1591 613 1788 663 Romam
1816 629 1889 663 re-

368 698 564 747 gressus
587 691 750 748 quarto
772 700 825 732 se
846 684 1089 733 consulem
1107 685 1221 734 fecit
1241 691 1288 731 et
1305 683 1457 732 statim
1475 683 1534 732 ad
1548 682 1796 747 Hispanioe
1816 691 1891 734 est

369 753 631 816 profectuS,
655 753 734 801 uhi
753 753 965 818 Pompeii
987 753 1087 817 filii,
1108 752 1298 802 Gnaeus
1319 760 1367 800 et
1387 753 1579 815 Sextus,
1602 754 1770 816 ingens
1789 752 1889 802 bel-

368 823 461 870 lum
495 832 840 887 reparaverant.
889 822 1034 872 Multa
1062 823 1243 886 proelia
1278 822 1489 884 fuerunt,
1529 822 1735 871 ultimum
1766 821 1891 887 apud

368 891 585 941 Mundam
615 893 867 956 civitatem,
903 895 949 941 in
980 907 1074 957 quo
1093 892 1214 942 adeo
1231 890 1410 941 Caesar
1429 906 1578 955 paene
1605 894 1759 940 vietus
1797 899 1887 955 est,

369 968 418 1009 ut
436 961 725 1024 fugientibus
746 964 844 1011 suis
865 978 918 1010 se
938 962 1142 1010 voluerit
1162 961 1403 1023 occidere,
1424 977 1484 1009 ne
1505 969 1615 1024 post
1633 968 1800 1011 ustam
1818 962 1889 1010 rei

368 1030 577 1078 militaris
598 1031 795 1095 gloriam
815 1034 861 1079 in
882 1038 1165 1095 potestatem
1191 1030 1561 1079 adolescentium
1589 1037 1723 1079 natus
1741 1041 1891 1079 annos

368 1114 454 1147 sex
482 1106 529 1147 et
560 1101 895 1163 quinquaginta
921 1101 1120 1148 veniret.
1175 1099 1396 1164 Denique
1428 1101 1658 1163 reparatis
1689 1100 1788 1148 suis
1821 1101 1887 1148 vi·

367 1170 445 1216 eit.
482 1167 556 1217 Ex
575 1168 787 1233 Pompeii
812 1169 920 1217 filiis
947 1172 1094 1218 maior
1119 1170 1309 1217 occisus
1332 1176 1421 1231 est,
1442 1171 1594 1218 minor
1611 1169 1747 1234 fug-it.

475 1253 618 1301 CAP.
650 1252 798 1304 XXV.
826 1251 983 1318 (XX.)
1023 1250 1138 1300 Inde
1169 1251 1347 1302 Caesar
1372 1252 1511 1301 bellis
1541 1252 1756 1301 civilibus
1786 1259 1890 1301 toto

368 1324 484 1372 orbe
520 1323 797 1387 compositis
817 1322 1010 1370 Romam
1033 1321 1186 1371 rediit.
1241 1322 1402 1386 Agere
1428 1321 1703 1370 insolentius
1729 1323 1886 1386 eoepit

366 1399 414 1441 et
446 1400 608 1441 eontra
642 1391 1028 1442 consuetudinem
1057 1390 1295 1440 Romanae
1324 1391 1569 1440 libertatis,
1626 1389 1742 1440 Cum
1768 1405 1887 1455 ergo

367 1470 415 1510 et
434 1462 639 1512 honores
667 1477 726 1510 ex
746 1478 829 1511 sua
854 1460 1096 1510 voluntate
1118 1469 1405 1525 praestaret,
1441 1462 1520 1524 qui
1550 1475 1576 1510 a
1600 1459 1781 1526 populo
1807 1475 1885 1509 an·

365 1539 442 1580 tea
467 1531 826 1594 deferebantur,
865 1545 955 1579 neo
984 1532 1166 1580 senatui
1196 1530 1253 1580 ad
1281 1546 1333 1579 se
1361 1531 1566 1579 venienti
1595 1537 1882 1593 assurgeret,

365 1600 551 1664 aliaque
575 1602 707 1665 regia
730 1617 786 1649 ao
810 1615 959 1665 paene
983 1601 1224 1662 tyrannica
1255 1600 1460 1661 faceret,
1503 1601 1790 1649 coniuratum
1812 1607 1884 1648 est

365 1671 411 1718 in
430 1685 535 1718 eum
557 1685 584 1719 a
598 1687 660 1719 nx
678 1670 756 1719 vel
770 1670 969 1734 amplius
989 1670 1284 1719 senatoribus
1299 1670 1631 1736 equitibusque
1643 1669 1881 1718 Romanis.

365 1738 610 1803 Praecipui
633 1740 818 1789 fuerunt
838 1742 957 1788 inter
980 1741 1247 1789 coniuratos
1271 1738 1363 1787 duo
1382 1738 1529 1801 Bruti,
1551 1754 1611 1788 ex
1626 1753 1686 1788 eo
1704 1753 1882 1801 genere

364 1808 511 1871 Bruti,
536 1810 615 1873 qui
635 1810 811 1872 primus
831 1808 1014 1858 Romae
1037 1809 1202 1857 consul
1221 1809 1372 1857 fuerat
1392 1815 1439 1856 et
1456 1822 1598 1871 reges
1618 1806 1879 1871 expulerat,

366 1875 420 1926 C.
444 1876 636 1927 Cassius
663 1885 709 1925 et
729 1878 956 1927 Servilius
977 1874 1144 1927 Casca.
1196 1876 1326 1941 Ergo
1349 1875 1542 1939 Caesar,
1569 1891 1674 1927 oum
1693 1883 1880 1927 senatus

362 1947 438 1995 die
459 1948 580 1996 inter
600 1954 789 1996 ceteros
808 1948 1021 1996 venisset
1040 1947 1097 1996 ad
1118 1948 1289 1995 curiam
1302 1984 1316 2009 ,
1342 1963 1456 1995 xxm
1475 1945 1747 1995 vulneribus
1768 1960 1879 1995 oon·

361 2015 521 2064 fossus
548 2023 637 2066 est.

969 2163 1155 2171 v—-o--w—
1162 2164 1220 2169 --—
1227 2163 1253 2169 -

696 2334 979 2389 LIBER
1047 2333 1541 2388 SEPMMUS·

887 2500 1370 2541 Anouunnrun.

447 2592 738 2639 1.1ntor{ezto
766 2591 870 2633 Iulio
900 2590 1077 2636 Caesare
1107 2591 1218 2632 bella
1249 2591 1385 2632 civilia
1415 2600 1659 2648 reparantur
1686 2605 1773 2634 rem
1795 2604 1875 2689 Ee:

359 2651 510 2695 blieam
537 2649 729 2694 turbante
758 2648 954 2692 Antonio.
998 2647 1044 2691 2.
1072 2648 1280 2690 Antonius
1308 2649 1478 2703 fugatus
1509 2650 1698 2704 confugit
1725 2650 1780 2690 ad

357 2707 519 2760 pidum,
549 2718 631 2758 quo
663 2717 832 2759 operam
864 2706 988 2746 dante
1019 2704 1263 2755 Octaviano,
1295 2706 1465 2747 alterius
1492 2708 1624 2761 partis
1654 2707 1778 2756 duci,
1808 2718 1873 2746 re-

358 2762 615 2807 conciliatur.
659 2762 827 2807 morum
855 2763 1154 2805 triumviratus.
1202 2761 1345 2804 Cicero
1374 2763 1590 2805 weidiuu.
1636 2761 1684 2807 3.
1712 2735 1872 2804 Bellum

358 2833 384 2860 a
411 2819 537 2861 Bruto
570 2826 610 2860 et
642 2818 814 2869 Cassio,
858 2818 1047 2860 Caesaris
1076 2821 1409 2873 percussoribus,
1440 2827 1597 2862 motum
1624 2820 1871 2872 illorumque
