2026 3238
311 473 402 506 AJJ.

311 529 388 563 536.

409 192 475 240 20
983 193 1345 240 EUTROPll

408 329 581 377 Fabius
612 327 855 378 Maximus.
918 328 964 377 Is
993 343 1098 376 eum
1130 327 1386 376 differendo
1417 341 1616 391 pugnam
1653 327 1711 376 ab
1743 329 1922 391 impetu

409 398 570 461 fregit,
593 412 702 446 mox
723 400 909 446 inventa
931 399 1185 446 occasione
1204 399 1334 445 vicit.

507 467 652 516 Gn.
671 466 731 514 X.
765 467 875 532 (V.)
924 466 1312 530 Quingentesimo
1340 473 1386 514 et
1413 464 1771 530 quadragesimo
1796 478 1919 513 anno

409 552 435 584 a
456 535 640 584 condita
660 537 775 584 urbe
794 535 844 583 L,
863 536 1090 584 Aemilius
1110 535 1295 598 Paulus,
1316 534 1365 584 P.
1384 533 1630 583 Terentius
1647 533 1796 583 Varro
1813 547 1923 582 con-

407 613 477 652 tra
499 604 803 653 Hannibalem
839 607 1102 666 mittuntur,
1136 604 1381 669 Fabioque
1412 603 1696 665 succedunt,
1733 604 1812 667 qui
1835 601 1923 651 Fa-

408 675 514 722 bius
539 674 702 722 ambos
725 674 946 722 consules
969 676 1171 735 monuit,
1206 681 1257 722 ut
1274 673 1605 735 Hannibalem,
1643 672 1842 721 calidum
1879 678 1926 719 et

409 744 727 805 impatientem
748 743 915 791 ducem
927 781 941 805 ,
985 757 1078 792 non
1096 742 1230 792 aliter
1248 745 1508 804 vincerent,
1539 757 1675 806 quam
1694 740 1926 804 proelium

408 811 685 861 differendo,
724 812 896 860 Verum
919 828 1022 861 cum
1041 814 1324 875 impatientia
1342 812 1564 861 Varronis
1586 810 1792 860 consulis
1814 823 1924 858 con·

407 881 667 930 tradicente
687 882 884 930 consule
903 882 1049 930 altero
1069 882 1193 945 apud
1214 883 1396 944 vicum,
1428 882 1507 945 qui
1542 879 1729 930 Cannae
1757 878 1920 944 appel-

406 950 542 1012 latur,
569 951 616 998 in
634 950 804 1014 Apulia
826 958 1078 1014 pugnatum
1098 958 1253 1013 esset,
1298 952 1435 999 ambo
1457 949 1678 999 consules
1715 950 1771 998 ab
1800 948 1922 998 Han·

406 1019 561 1067 nibale
585 1020 846 1068 vincuntur.
902 1019 954 1068 In
974 1036 1029 1068 ea
1052 1035 1208 1083 pugna
1234 1037 1292 1069 111
1319 1019 1444 1068 milia
1467 1018 1686 1067 Afrorum
1709 1025 1923 1082 pereunt,

406 1103 573 1150 magna
594 1102 703 1150 pars
724 1089 784 1136 de
803 1091 1015 1137 exercitu
1032 1088 1301 1137 Hannibalis
1323 1090 1573 1137 sauciatur.
1607 1086 1749 1135 Nullo
1768 1094 1923 1135 tamen

406 1155 581 1204 Punico
602 1156 729 1205 bello
748 1157 945 1206 Romani
967 1159 1156 1221 gravius
1182 1159 1368 1222 accepti
1385 1164 1504 1206 sunt.
1555 1155 1698 1207 Periit
1723 1157 1846 1204 enim
1877 1156 1925 1203 in

411 1239 470 1274 eo
497 1225 725 1275 Aemilius
751 1225 921 1275 Paulus
947 1227 1141 1290 consul,
1179 1226 1450 1276 consulares
1479 1234 1558 1275 aut
1589 1227 1815 1289 praetorii
1839 1238 1921 1286 n,

409 1302 656 1343 senatores
680 1297 805 1360 capti
831 1304 910 1345 aut
934 1298 1082 1344 occisi
1105 1312 1225 1359 xxx,
1265 1296 1448 1345 nobiles
1471 1297 1560 1344 viri
1587 1312 1697 1357 ccc,
1730 1293 1922 1343 militum

407 1380 467 1413 ιιι,
493 1363 642 1426 milia,
674 1366 880 1429 equitum
904 1380 962 1414 ιιι
986 1365 1111 1414 milia
1136 1373 1184 1414 et
1202 1366 1460 1430 quingenti.
1515 1363 1568 1414 In
1593 1364 1762 1429 quibus
1791 1361 1922 1412 malis

407 1446 546 1481 nemo
578 1441 731 1482 tamen
755 1433 1069 1484 Romanorum
1091 1437 1221 1498 pacis
1253 1436 1535 1484 mentionem
1561 1433 1737 1482 habere
1764 1433 1921 1495 digna-

405 1510 480 1550 tus
502 1510 588 1550 est.
627 1503 790 1566 Servi,
813 1504 941 1567 quod
965 1520 1196 1568 nunquam
1216 1512 1341 1566 ante,
1375 1504 1642 1552 manumissi
1671 1510 1720 1550 et
1748 1501 1920 1551 milites

408 1572 520 1620 facti
543 1579 665 1620 sunt.

510 1641 550 1688 C
563 1657 653 1689 nr.
674 1640 758 1689 XI.
780 1640 915 1707 (vl.)
961 1641 1074 1690 Post
1092 1658 1195 1690 eam
1214 1656 1415 1705 pugnam
1435 1641 1605 1693 multae
1626 1639 1789 1690 Italiae
1810 1640 1920 1687 civi-

404 1718 544 1772 tateS,
567 1726 689 1774 quae
710 1711 930 1759 Romanis
959 1718 1222 1774 paruerant,
1244 1726 1305 1759 -se
1323 1710 1381 1759 ad
1399 1709 1703 1760 Hannibalem
1723 1715 1900 1761 transtu

403 1778 571 1827 lerunt.
611 1778 838 1828 Hannibal
856 1779 1078 1829 Romanis
1105 1778 1290 1843 obtulit,
1311 1787 1362 1828 ut
1386 1781 1599 1842 captivos
1618 1777 1918 1840 redimerent,

403 1860 785 1912 responsumque
811 1857 886 1896 est
905 1864 932 1896 a
956 1858 1147 1911 senatu,
1182 1862 1269 1897 eos
1294 1850 1427 1896 cives
1451 1860 1545 1896 non
1569 1862 1680 1896 esse
1696 1860 1918 1896 necessa-

402 1919 519 1978 rioS,
543 1919 640 1981 qui,
670 1932 776 1965 cum
794 1919 953 1965 armati
976 1925 1162 1979 essent,
1194 1918 1298 1981 capi
1329 1917 1608 1980 potuissent.
1647 1915 1734 1964 Ille
1756 1930 1918 1965 omnes

405 1993 572 2049 postea
601 1987 743 2035 variis
769 1985 1017 2049 suppliciis
1054 1986 1314 2049 interfecit,
1345 1993 1403 2036 -et
1434 1992 1530 2035 tres
1548 1985 1732 2035 modios
1755 1998 1918 2037 aureo-

402 2070 503 2102 rum
523 2054 796 2102 annulorum
815 2053 1144 2119 Carthaginem
1166 2057 1318 2118 misit,
1353 2069 1474 2120 quos
1499 2071 1527 2104 e
1552 2055 1764 2106 manibus
1787 2056 1912 2119 equi-

402 2131 497 2171 tum
516 2123 847 2186 Romanorum,
884 2132 1173 2186 senatorum,
1218 2133 1267 2173 et
1288 2125 1482 2174 militum
1504 2124 1783 2173 detraxerat.
1844 2123 1916 2171 In-

401 2199 531 2240 terea
557 2194 603 2241 in
628 2193 868 2256 Hispania,
908 2194 987 2242 ubi
1004 2194 1148 2244 frater
1165 2194 1438 2244 Hannibalis
1461 2193 1720 2244 Hasdrubal
1738 2208 1915 2242 reman-

401 2269 527 2309 serat
548 2276 651 2309 cum
670 2276 840 2325 magno
872 2265 1100 2325 exercitu,
1128 2271 1177 2311 ut
1201 2279 1303 2313 eam
1326 2271 1472 2313 totam
1495 2264 1624 2313 Afris
1647 2262 1913 2326 subigeret,

399 2345 426 2378 a
446 2329 630 2379 duobus
649 2331 953 2394 Scipionibus
967 2369 981 2394 ,
1010 2332 1234 2381 Romanis
1253 2332 1469 2395 ducibus,
1489 2334 1716 2394 vincitur,
1742 2331 1910 2395 perdit-

400 2401 559 2463 quein
579 2414 735 2464 pugna
758 2416 882 2449 mv
900 2401 1026 2450 milia
1046 2402 1298 2451 hominum.
1335 2401 1410 2451 Ex
1427 2403 1500 2452 his
1526 2403 1768 2466 sapiuntur
1783 2417 1815 2450 x
1832 2401 1914 2450 mi-

397 2467 476 2529 lia,
507 2469 784 2518 occiduntur
803 2485 913 2518 xxv.
966 2469 1207 2519 Mittuntur
1238 2472 1282 2520 ei
1311 2486 1338 2520 a
1366 2469 1830 2536 Carthaginiensibus
1856 2468 1914 2519 ad

397 2537 677 2652 reparandas
706 2540 834 2587 vires
865 2554 930 2589 ιιι
957 2539 1081 2588 milia
1112 2539 1346 2603 peditum,
1380 2556 1429 2589 ιν
1453 2540 1579 2590 milia
1600 2541 1824 2606 equitum,
1852 2554 1911 2590 xx

399 2620 427 2653 e
449 2607 653 2669 ephanti.

302 2688 394 2725 av.
502 2674 591 2724 CA
606 2691 649 2724 ι».
677 2675 783 2725 xll.
805 2675 955 2744 (vll.)
992 2677 1127 2726 Anno
1160 2687 1323 2741 quarto
1345 2687 1480 2742 post,
1510 2695 1647 2744 quam
1670 2681 1716 2729 in
1735 2677 1910 2730 ltaliam

309 2744 384 2779 5³⁷.

397 2742 621 2793 Hannibal
650 2747 803 2808 venit,
840 2745 903 2794 M.
926 2745 1148 2796 Claudius
1174 2747 1426 2799 Marcellus
1462 2747 1627 2799 consul
1660 2747 1784 2811 apud
1811 2746 1907 2798 No-

394 2811 501 2875 lam,
529 2815 761 2863 civitatem
789 2813 1095 2880 Campaniae,
1135 2825 1297 2867 contra
1323 2817 1627 2868 Hannibalem
1663 2818 1786 2867 bene
1823 2831 1907 2882 pu-
