2026 3238
312 1323 400 1357 &U-

334 1387 390 1425 39.

332 1930 385 1964 82.

308 2366 397 2399 AM.

319 2423 391 2455 114.

304 2776 397 2810 A.U.

304 2840 379 2876 1³8.

423 195 457 244 4
997 195 1402 242 EUTROPll

526 331 668 380 Gar.
698 328 757 377 11.
781 329 870 394 (Ι.)
913 329 1111 379 Condita
1141 332 1348 393 civitate,
1375 346 1512 395 quam
1544 345 1604 379 ex
1628 333 1817 380 nomine
1847 345 1935 380 suo

421 400 613 449 Romam
630 400 835 462 vocavit,
860 400 978 448 haec
998 399 1101 448 fere
1122 402 1237 463 egit.
1280 398 1622 448 Multitudinem
1641 400 1937 449 finitimorum

420 472 465 518 in
487 471 722 518 civitatem
740 470 941 532 recepit,
977 476 1162 517 centum
1181 485 1242 518 ex
1269 468 1536 518 senioribus
1556 468 1700 533 legit,
1738 483 1936 535 quorum

419 538 621 587 consilio
643 539 795 589 omnia
817 544 1006 601 ageret,
1037 552 1157 602 quos
1191 546 1434 587 senatores
1465 540 1718 587 nominavit
1742 546 1939 603 propter

422 615 726 657 senectutem.
769 606 910 666 Tum,
952 621 1056 655 cum
1076 622 1250 656 uxores
1270 608 1378 672 ipse
1399 615 1446 656 et
1475 607 1680 672 populus
1702 623 1815 656 suus
1842 620 1939 670 nou

420 676 665 739 haberent,
694 677 906 725 invitavit
933 676 990 724 ad
1016 676 1339 740 spectaculum
1367 676 1581 726 ludorum
1610 679 1788 726 vicinas
1808 676 1937 727 urbis

420 747 599 795 Romae
623 746 856 808 nationeS,
882 753 1024 810 atque
1045 760 1204 796 earum
1226 747 1435 810 virgines
1455 748 1623 810 rapuit.
1681 745 1937 795 Commotis
1994 763 2001 777 ¹

422 815 561 864 bellis
590 822 786 879 propter
803 822 1038 879 raptarum
1064 816 1294 878 iniuriam,
1326 814 1647 865 Caeninenses
1666 817 1807 877 vicit,
1843 815 1936 864 An-

421 891 671 946 temnates,
715 882 1057 947 Crustuminos,
1102 885 1331 947 Sabinos,
1370 883 1652 948 FidenateS,
1690 884 1935 934 Veientes,

422 954 552 1002 Haec
581 955 734 1002 omnia
767 953 942 1018 oppida
971 954 1134 1003 urbem
1164 956 1369 1018 cingunt.
1421 953 1482 1002 Et
1512 970 1616 1002 cum
1649 961 1750 1004 orta
1779 954 1936 1003 subito

420 1030 704 1087 tempestate
731 1037 825 1071 non
860 1025 1229 1087 comparuisset,
1268 1036 1386 1072 anno
1421 1026 1555 1087 regni
1585 1025 1830 1087 trigesimo
1862 1037 1939 1072 se-

423 1095 568 1155 ptimo
591 1092 650 1140 ad
671 1091 787 1140 deos
797 1094 1024 1141 transisse
1041 1092 1247 1140 creditus
1266 1099 1339 1140 est
1354 1100 1731 1141 etconsecratuS.
1751 1091 1938 1141 Deinde

421 1162 601 1209 Romae
622 1175 709 1224 per
739 1162 908 1224 quinos
935 1160 1038 1210 dies
1058 1168 1304 1210 senatores
1323 1162 1670 1224 imperaverunt
1698 1168 1745 1210 et
1771 1161 1844 1209 his
1863 1176 1936 1210 re-

417 1230 666 1295 gnantibus
687 1246 833 1278 annus
853 1246 971 1278 unus
993 1230 1258 1294 completus
1279 1238 1367 1279 est.

532 1298 614 1348 cs
630 1316 676 1348 P.
697 1297 778 1348 111.
802 1298 915 1366 (ΙΙ.)
970 1298 1141 1348 Postea
1167 1298 1316 1349 Numa
1343 1298 1600 1364 Pompilius
1638 1314 1723 1348 rex
1752 1306 1937 1348 creatus

418 1376 507 1431 est,
532 1370 611 1433 qui
632 1368 805 1417 bellum
828 1368 1017 1433 quidem
1035 1368 1210 1418 nullum
1230 1371 1398 1432 gessit,
1433 1368 1519 1418 sed
1536 1383 1630 1418 non
1649 1370 1799 1417 minus
1823 1370 1935 1416 civi·

416 1440 516 1501 tati,
553 1453 690 1502 quam
709 1437 956 1502 Romulus,
979 1438 1170 1503 profuit.
1223 1437 1342 1488 Nam
1363 1446 1411 1487 et
1437 1437 1574 1502 leges
1592 1437 1817 1487 Romanis
1838 1452 1934 1486 mo-

416 1523 592 1572 resque
614 1509 872 1569 constituit,
905 1509 986 1573 qui
1008 1508 1352 1557 consuetudine
1372 1508 1659 1572 proeliorum
1687 1508 1778 1555 iam
1796 1506 1936 1556 latro-

413 1593 500 1626 nes
520 1592 577 1625 ac
595 1578 896 1626 semibarbari
917 1579 1218 1641 putabantur,
1249 1585 1297 1626 et
1315 1593 1482 1626 annum
1501 1577 1773 1641 descripsit,
1793 1578 1840 1625 in
1856 1575 1936 1624 de·

419 1662 523 1695 cem
542 1661 731 1695 menses
750 1649 881 1711 prius
901 1649 1004 1695 sine
1032 1647 1189 1711 aliqua
1210 1648 1562 1712 computatione
1579 1646 1852 1710 confusum,
1891 1652 1937 1694 et

415 1717 594 1765 infinita
618 1715 798 1764 Romae
819 1731 953 1764 sacra
972 1731 1027 1765 ac
1052 1716 1513 1780 templa-constituit.
1569 1715 1739 1764 Morbo
1768 1715 1935 1764 deces-

415 1787 474 1834 sit
495 1785 855 1849 quadragesimo
877 1788 1017 1834 tertio
1041 1787 1228 1850 imperii
1249 1800 1388 1835 anno.

529 1853 672 1904 Car.
701 1853 779 1902 lv,
802 1853 942 1918 (ΙΙΙ.)
979 1854 1099 1901 Huic
1119 1856 1356 1902 successit
1383 1851 1546 1901 Tullus
1565 1850 1809 1902 Hostilius.
1847 1853 1936 1903 Hic

415 1923 540 1972 bella
558 1924 811 1987 reparavit,
843 1921 1052 1971 Albanos
1069 1925 1213 1985 vicit,
1252 1924 1331 1987 qui
1351 1923 1409 1972 ab
1429 1921 1545 1970 urbe
1565 1920 1716 1971 Roma
1737 1938 1822 1971 xn.
1851 1924 1934 1970 mi-

414 1993 548 2041 liario
580 1999 703 2054 sunt,
741 1990 966 2039 Veientes
989 1999 1036 2040 et
1060 1991 1338 2055 FidenateS‚
1373 2005 1569 2057 quorum
1590 1989 1667 2039 alii
1685 1998 1823 2041 sexto
1851 1994 1931 2040 mi-

415 2062 548 2110 liario
570 2062 738 2109 absunt
757 2060 814 2109 ab
837 2061 952 2109 urbe
975 2061 1151 2123 Roma,
1181 2061 1258 2110 alii
1279 2069 1449 2110 octavo
1469 2059 1673 2122 decimo,
1707 2060 1835 2109 bello
1857 2076 1933 2109 su·

419 2132 614 2194 peravit,
639 2131 799 2179 urbem
819 2129 1056 2193 ampliavit
1082 2130 1270 2179 adiecto
1293 2130 1458 2179 Coelio
1479 2135 1653 2178 monte.
1710 2128 1825 2178 Cum
1853 2133 1932 2179 tri-

415 2202 542 2264 ginta
563 2199 746 2248 duobus
765 2200 895 2248 annis
914 2208 1190 2263 regnasset,
1213 2200 1405 2248 fulmine
1424 2202 1545 2248 ictus
1566 2214 1671 2249 cum
1691 2199 1830 2248 domo
1850 2214 1933 2249 sua

417 2271 542 2318 arsit.

522 2339 604 2388 CA
620 2355 666 2387 P.
688 2330 745 2389 V.
766 2337 900 2404 (lv.)
941 2338 1054 2387 Post
1078 2339 1202 2387 hunc
1222 2339 1382 2388 Ancus
1410 2337 1631 2401 Marcius,
1665 2336 1843 2387 Numae
1873 2353 1933 2387 ex

418 2409 510 2457 filia
531 2422 704 2472 nepos,
728 2409 943 2472 suscepit
961 2409 1222 2472 imperium.
1262 2407 1434 2458 Contra
1453 2407 1643 2457 Latinos
1674 2406 1927 2468 dimicavit,

417 2479 698 2526 Aventinum
730 2484 935 2526 montem
980 2478 1156 2526 civitati
1189 2477 1363 2527 adiecit
1404 2485 1452 2526 et
1482 2475 1768 2540 Ianiculum,
1807 2475 1930 2540 apud

418 2548 588 2595 ostium
606 2546 790 2595 Tiberis
813 2547 1049 2595 civitatem
1068 2559 1210 2610 supra
1239 2562 1368 2596 mare
1398 2554 1533 2596 sexto
1561 2546 1747 2595 decimo
1782 2544 1927 2594 milia·

418 2618 490 2665 rio
510 2616 567 2665 ab
589 2616 706 2664 urbe
725 2615 875 2664 Roma
896 2615 1116 2665 condidit.
1165 2616 1410 2680 vigesimo
1439 2624 1605 2681 quarto
1633 2629 1757 2665 anno
1779 2615 1928 2678 impe-

418 2687 473 2734 rii
494 2685 661 2734 morbo
682 2685 835 2749 periit.

520 2755 656 2806 Car.
679 2753 757 2804 VI.
773 2754 879 2820 (V.)
916 2755 1100 2804 Deinde
1133 2770 1327 2819 regnum
1347 2755 1534 2804 Priscus
1555 2754 1831 2818 Tarquinius
1849 2766 1925 2802 ac·

418 2824 561 2887 cepit.
607 2823 694 2872 Hic
713 2839 950 2873 numerum
972 2833 1236 2874 senatorum
1258 2824 1528 2889 duplicavit,
1554 2825 1728 2872 circum
1747 2823 1926 2871 Romae
