2026 3238
766 190 1089 237 LIBERVI.
1615 187 1681 238 43

167 327 323 376 tuisse
345 327 601 390 superari.
641 324 824 373 Deinde
847 327 892 374 in
913 324 1154 375 Thessalia
1173 325 1296 390 apud
1316 325 1677 389 Palaeopharsa·

167 394 259 443 lum
295 394 536 459 productis
574 395 804 459 utrimque
843 396 1111 459 ingentibus
1149 396 1301 460 copiis
1331 395 1677 444 dimicaverunt.

166 463 374 529 Pompeii
394 465 522 513 acies
550 463 710 512 habuit
728 480 788 513 ιι,
806 463 931 513 milia
953 464 1175 528 peditum,
1216 467 1400 529 equites
1425 466 1470 513 in
1490 465 1678 513 sinistro

165 546 310 582 cornu
337 540 613 595 sexcentos,
651 534 696 581 in
716 532 881 582 dextro
913 536 1222 599 quingentos,
1256 541 1500 598 praeterea
1533 534 1677 583 totius

165 602 368 652 Orientis
394 601 579 664 auxilia,
618 609 760 651 totam
779 602 1095 667 nobilitatem,
1126 606 1392 654 innumeros
1412 610 1674 664 senatores.

165 675 454 736 praetorios,
494 671 766 721 consulares
807 680 853 722 et
893 675 972 738 qui
1013 689 1284 738 magnorum
1322 675 1411 723 iam
1446 672 1675 722 bellorum

161 743 368 791 victores
387 741 602 791 fuissent.
658 740 835 791 Caesar
865 744 911 791 in
931 744 1034 791 acie
1054 758 1136 792 sua
1162 744 1321 793 habuit
1351 742 1558 807 peditum
1583 755 1677 791 non

161 812 339 874 integra
356 827 450 860 xxx
466 810 610 874 milia,
633 813 817 876 equites
837 812 963 860 mile.

264 880 347 930 Ga
358 897 404 929 r.
430 879 559 930 XXI.
584 879 829 945 Nunquam
848 881 1000 930 adhuc
1018 881 1258 931 Romanae
1279 883 1446 945 copiae
1472 884 1517 929 in
1539 896 1686 930 unum.

159 965 315 1014 neque
349 952 578 1013 maiores„
618 966 773 1015 neque
801 950 1075 1000 melioribus
1105 949 1302 999 ducibus
1339 957 1674 1013 convenerant,

159 1027 305 1068 totum
322 1026 549 1068 terrarum
569 1020 730 1068 orbem
758 1020 899 1069 facile
926 1021 1203 1070 subacturae
1218 1057 1231 1082 ,
1263 1022 1302 1068 si
1326 1027 1486 1069 contra
1510 1019 1674 1069 barba·

158 1103 238 1137 ros
258 1088 554 1139 ducerentur.
593 1087 847 1153 Pugnatum
869 1097 1021 1139 tamen
1046 1097 1120 1138 est
1147 1090 1323 1154 ingenti
1354 1090 1671 1151 contentione,

157 1159 408 1223 victusque
440 1158 499 1207 ad
527 1166 812 1222 postremum
846 1157 1095 1223 Pompeius
1124 1166 1170 1207 et
1191 1166 1343 1209 castra
1363 1160 1465 1208 eius
1494 1158 1675 1223 direpta

158 1235 279 1277 sunt.
322 1225 436 1291 Ipse
456 1227 644 1291 fugatus
662 1228 987 1277 Alexandriam
1011 1229 1160 1293 petiit,
1195 1235 1245 1276 ut
1263 1244 1291 1277 a
1309 1243 1425 1292 rege
1443 1227 1671 1292 Aegypti,

158 1298 233 1346 cui
253 1304 377 1346 tutor
401 1312 427 1346 a
447 1304 611 1346 senatu
637 1296 769 1346 datus
790 1298 941 1347 fuerat
971 1305 1163 1362 propter
1186 1297 1438 1346 iuvenilem
1466 1298 1567 1346 eius
1594 1312 1671 1346 ae-

155 1373 313 1429 tatem,
337 1368 579 1431 acciperet
598 1366 782 1416 auxilia.
825 1366 916 1427 Qui
937 1368 1166 1416 fortunam
1186 1369 1333 1431 magis
1354 1382 1491 1432 quam
1511 1367 1669 1416 amici-
1683 1392 1768 1424 Μ),

156 1437 263 1486 tiam
282 1443 473 1486 secutus
494 1433 667 1485 occidit
684 1436 975 1500 Pompeium,
997 1444 1135 1501 caput
1155 1438 1256 1485 eius
1278 1444 1324 1485 et
1343 1435 1528 1486 anulum
1549 1435 1667 1486 Cae·
1698 1447 1768 1479 τοι.

155 1506 247 1555 sari
267 1506 406 1555 misit.
472 1505 579 1567 Quo
607 1514 868 1570 conspecto
892 1504 1068 1556 Caesar
1088 1507 1223 1554 etiam
1252 1505 1467 1555 lacrimas
1488 1505 1670 1555 fudisse

155 1575 340 1638 dicitur,
362 1576 474 1625 tanti
498 1576 586 1624 viri
615 1577 797 1625 intuens
823 1584 962 1639 caput
984 1584 1030 1625 et
1048 1578 1215 1639 generi
1237 1575 1468 1640 quondam
1488 1576 1574 1626 sui.

264 1645 411 1696 GAr.
442 1643 594 1694 XXII.
617 1642 818 1711 (XVII.)
873 1643 987 1694 Mox
1013 1643 1188 1694 Caesar
1223 1644 1547 1694 Alexandriam
1591 1659 1670 1692 ve-

155 1717 235 1765 nit.
299 1713 397 1778 Ipsi
433 1727 623 1779 quoque
642 1713 938 1764 Ptolemaeus
961 1729 1124 1778 parare
1151 1714 1301 1763 voluit
1327 1714 1546 1775 insidiaS,
1581 1729 1671 1778 qua

152 1799 319 1834 caussa
338 1786 440 1848 regi
460 1782 633 1832 bellum
652 1783 826 1832 illatum
844 1791 933 1833 est.
973 1783 1136 1832 Victus
1155 1785 1202 1832 in
1222 1781 1330 1832 Nilo
1353 1785 1489 1846 periit
1511 1785 1670 1831 inven-

153 1861 344 1918 tumque
370 1861 444 1902 est
464 1867 637 1916 corpus
657 1854 758 1901 eius
779 1868 883 1901 cum
901 1853 1048 1902 lorica
1067 1868 1224 1901 aurea.
1271 1851 1447 1901 Caesar
1466 1851 1669 1901 Alexan-

153 1923 251 1973 dria
285 1924 460 1987 potitus
498 1938 691 1987 regnum
722 1920 1004 1987 Cleopatrae
1024 1922 1178 1984 dedit,
1211 1920 1469 1970 Ptolemaei
1495 1922 1667 1982 sorori,

154 2008 258 2041 eum
292 2007 383 2057 qua
414 1991 799 2041 consuetudinem
838 1993 985 2056 stupri
1020 1992 1259 2040 habuerat.
1317 1991 1525 2039 Rediens
1562 1990 1669 2040 inde

153 2061 330 2111 Caesar
347 2061 646 2124 Pharnacem,
675 2060 951 2110 Mithridatis
970 2060 1127 2125 Magni
1157 2060 1316 2123 filium,
1347 2062 1423 2124 qui
1446 2060 1668 2126 Pompeio

152 2134 198 2180 in
217 2131 435 2181 auxilium
456 2131 581 2195 apud
598 2129 887 2180 Thessaliam
911 2131 1087 2193 fuerat,
1117 2129 1422 2179 rebellantem
1454 2132 1500 2179 in
1521 2129 1667 2178 Ponto

151 2209 292 2265 atque
311 2200 477 2248 multas
498 2199 661 2263 populi
686 2200 883 2249 Romani
905 2200 1170 2263 provincias
1194 2207 1519 2262 occupantem,
1559 2200 1672 2247 vicit
1689 2206 1781 2241 MJ-

152 2271 271 2331 acie,
295 2277 461 2332 postea
481 2269 538 2317 ad
563 2276 758 2317 mortem
779 2270 957 2332 coegit.
1694 2262 1769 2296 ⁷⁰⁵·

256 2339 393 2388 Car.
434 2336 607 2386 XXIII.
631 2336 854 2403 (XVIII.)
896 2336 1010 2387 Inde
1030 2337 1224 2386 Romam
1252 2352 1502 2402 regressus
1528 2337 1667 2385 tertio
1689 2363 1776 2396 ΛΜ,

151 2423 203 2456 se
225 2407 466 2456 consulem
486 2407 599 2455 fecit
624 2422 728 2456 cum
747 2406 811 2456 M.
830 2407 1031 2456 Aemilio
1051 2405 1248 2470 Lepid0,
1279 2407 1358 2471 qui
1382 2407 1425 2454 ei
1443 2407 1668 2470 magister
1687 2419 1760 2453 τοῦ.

152 2479 358 2541 equitum
378 2476 592 2525 dictatori
613 2484 719 2526 ante
739 2492 907 2526 annum
927 2476 1093 2526 iuerat.
1132 2475 1246 2525 Inde
1266 2478 1312 2525 in
1331 2474 1536 2526 Africam
1559 2489 1664 2539 pro-

150 2547 304 2595 fectus
331 2553 429 2608 est,
469 2546 546 2595 ubi
574 2547 746 2596 infinita
773 2546 991 2596 nobilitas
1033 2561 1136 2595 cum
1168 2544 1307 2608 Iuba,
1350 2543 1664 2595 Mauretaniae

149 2631 283 2679 rege,
311 2614 484 2664 bellum
509 2624 820 2680 reparaverat.
875 2615 1036 2666 Duces
1065 2623 1218 2664 autem
1234 2615 1433 2665 Romani
1463 2622 1592 2663 erant
1612 2613 1664 2663 P.

150 2683 399 2735 Cornelius
419 2685 584 2749 Scipio
598 2722 614 2748 ,
657 2700 717 2735 ex
734 2701 912 2750 genere
936 2686 1261 2750 antiquissimo
1282 2684 1522 2749 Scipionis
1541 2683 1664 2733 Afri-

149 2756 252 2803 cani
271 2754 375 2818 (hic
395 2755 531 2803 etiam
551 2768 693 2804 socer
709 2754 921 2820 Pompeii
948 2754 1105 2819 Magni
1124 2755 1273 2804 fuerat
1303 2791 1318 2818 ,
1345 2753 1408 2803 M.
1431 2753 1661 2814 Petreius,

150 2822 208 2883 Q.
230 2824 396 2886 Varus,
425 2822 487 2872 M.
509 2822 700 2873 Porcius
722 2822 866 2887 Cato,
908 2823 959 2873 L.
985 2823 1233 2873 Cornelius
1292 2831 1471 2886 austus,
1502 2822 1662 2871 Sullae
