2026 3238
384 198 444 248 42
954 198 1320 245 EUTROPII

378 335 529 398 ceptis
565 334 893 399 stipendiarios
930 334 1059 382 fecit.
1118 333 1296 382 Galliae
1329 339 1482 381 autem
1513 332 1671 381 tributi
1704 334 1890 382 nomine

376 419 574 452 annuum
603 405 849 468 imperavit
877 405 1145 451 sestertium
1174 403 1578 466 quadringentieS,
1614 399 1888 451 Germanos·

377 488 470 538 que
497 480 623 521 trans
648 473 861 521 Rhenum
882 487 1138 537 aggressus
1167 473 1508 521 immanissimis
1536 470 1731 534 procliis
1761 472 1888 520 vicit.

375 541 501 590 Inter
520 550 590 591 tot
609 556 862 591 successus
882 550 955 591 ter
978 542 1097 591 male
1117 543 1364 605 pugnavit,
1409 539 1533 604 apud
1551 540 1791 589 Arvernos
1815 555 1892 589 se-

374 611 465 658 mel
486 625 712 674 praesens
738 619 786 659 et
804 612 974 660 absens
1002 613 1049 659 in
1069 610 1312 660 Germania
1343 611 1430 660 bis,
1476 609 1591 658 Nam
1621 610 1764 672 legati
1789 611 1890 658 eius

375 680 486 742 duc,
515 679 717 728 Titurius
739 689 786 729 et
803 679 1165 742 AurunculeiuS,
1189 694 1274 743 per
1291 680 1483 729 insidias
1504 681 1631 728 caesi
1654 687 1772 728 sunt.

486 750 625 798 GAP.
656 749 828 799 XVIII.
851 750 1007 816 (XV.)
1049 748 1186 798 Circa
1209 749 1374 799 eadem
1393 756 1630 813 tempora,
1666 762 1784 798 auno
1817 763 1887 797 ur-

269 845 352 879 MJ,
375 819 447 868 bis
458 819 674 869 conditae
686 835 917 875 ncxcvn„
931 818 994 869 M.
1007 819 1210 868 Licinius
1225 818 1440 881 Crassus,
1457 818 1642 882 collega
1657 816 1888 868 Cn.Pom-

278 900 353 935 69⁷.
375 891 468 953 peii
496 887 652 953 Magni
681 890 727 938 in
761 889 1004 938 consulatu
1036 889 1272 951 secunde,
1302 897 1461 937 contra
1496 887 1689 937 Parthos
1718 889 1888 935 missus

264 958 351 993 MJ-
374 966 462 1020 est,
486 965 533 1007 et
552 972 656 1006 cum
677 959 801 1009 circa
822 957 988 1007 Carras
1010 967 1171 1008 contra
1191 962 1343 1007 omina
1371 966 1418 1006 et
1444 959 1654 1021 auspicia
1673 957 1887 1006 dimicas-

277 1015 353 1050 699·
373 1035 464 1090 set,
500 1043 525 1076 a
557 1028 761 1091 Surena,
803 1028 973 1076 Orodis
1007 1029 1136 1091 regis
1169 1028 1308 1089 duce,
1349 1028 1502 1075 victus
1523 1026 1580 1074 ad
1600 1034 1888 1089 postremum

371 1097 647 1145 interfectus
668 1103 742 1146 est
761 1111 865 1145 cum
886 1096 981 1145 filio
997 1134 1011 1159 ,
1047 1096 1307 1145 clarissimo
1335 1103 1379 1144 et
1399 1096 1800 1160 praestantissimo
1821 1097 1887 1144 iu·

370 1181 508 1214 vene.
543 1165 791 1230 Reliquiae
812 1168 1050 1215 exercitus
1070 1180 1156 1229 per
1171 1164 1225 1214 G.
1241 1164 1455 1215 Cassium
1471 1172 1771 1230 quaestorem
1790 1179 1888 1213 ser·

370 1242 504 1284 vatae
526 1243 661 1298 sunt,
693 1237 772 1300 qui
809 1235 1031 1300 singulari
1060 1237 1212 1284 animo
1232 1235 1438 1299 perditas
1464 1250 1543 1284 res
1574 1241 1696 1283 tanta
1720 1236 1888 1283 virtute

369 1306 599 1367 restituit,
643 1312 692 1353 ut
709 1304 875 1354 Persas
896 1305 1084 1354 rediens
1103 1312 1229 1354 trans
1247 1304 1530 1368 Euphratem
1552 1303 1730 1352 crebris
1750 1317 1886 1367 proe-

369 1373 448 1422 liis
463 1376 691 1423 vinceret.

477 1444 621 1493 ΟΛΡ.
646 1443 774 1492 ΧΙΧ.
801 1443 978 1509 (XVI.)
1022 1443 1141 1492 Hinc
1166 1446 1256 1492 iam
1279 1443 1451 1492 bellum
1479 1441 1619 1491 civile
1657 1443 1889 1491 successit

373 1513 709 1562 exsecrandum
725 1520 771 1562 et
789 1512 1091 1575 lacrimabile,
1116 1527 1208 1577 quo
1235 1520 1421 1576 praeter
1438 1512 1742 1574 calamitateS,
1766 1526 1887 1576 quae

370 1584 417 1631 in
445 1582 639 1646 proeliis
668 1581 963 1644 acciderunt,
1005 1584 1141 1631 ctiam
1168 1581 1331 1646 populi
1355 1581 1551 1631 Romani
1581 1581 1764 1630 fortuna
1789 1596 1884 1629 mu·

370 1658 463 1700 tata
484 1659 571 1700 est.
626 1650 801 1700 Caesar
829 1653 950 1700 enim
978 1650 1164 1700 rediens
1186 1667 1246 1700 ex
1266 1649 1414 1700 Gallia
1431 1652 1585 1700 victor
1615 1652 1776 1714 coepit
1802 1662 1885 1714 po-

372 1736 508 1769 scere
539 1720 734 1769 alterum
775 1721 1066 1769 consulatum
1106 1729 1246 1785 atque
1283 1722 1374 1783 ita,
1423 1728 1472 1769 ut
1508 1722 1611 1769 sine
1648 1720 1883 1768 dubietate

373 1792 416 1838 ei
436 1790 590 1854 aliqua
610 1789 886 1839 deferretur.
923 1789 1273 1839 contradictum
1291 1797 1365 1838 est
1382 1789 1646 1838 aMarcello
1668 1788 1880 1851 consule,

262 1905 289 1936 A
307 1902 335 1934 U
372 1875 397 1908 a
417 1858 583 1908 Bibulo
597 1897 611 1921 ,
650 1874 676 1908 a
694 1858 940 1923 Pompei0,
963 1875 989 1908 a
1015 1857 1211 1921 Catone,
1249 1860 1503 1923 iussusque
1524 1858 1727 1908 dimissis
1748 1872 1881 1907 exer-

276 1922 351 1991 7⁸⁰3:
371 1929 539 1978 citibus
557 1928 613 1977 ad
635 1929 794 1976 urbem
814 1929 982 1981 redire,
1033 1927 1229 1992 Propter
1248 1943 1385 1993 quam
1404 1928 1613 1979 iniuriam
1633 1929 1689 1978 ab
1715 1927 1881 1976 Arimi·

371 2011 459 2060 no,
490 1998 568 2046 ubi
598 1997 769 2046 milites
797 2005 1115 2061 congregatos
1144 1997 1373 2059 habebat,
1412 1997 1659 2048 adversum
1691 1998 1880 2062 patriam

371 2082 475 2114 cum
512 2067 721 2114 exercitu
741 2068 883 2115 venit.
940 2065 1172 2117 Consules
1204 2082 1318 2115 cum.
1340 2066 1567 2131 Pompeio
1595 2075 1880 2130 senatusque

370 2137 518 2184 omnis
539 2143 678 2199 atque
699 2137 913 2184 universa
934 2136 1151 2185 nobilitas
1166 2151 1225 2184 ex
1242 2136 1358 2185 urbe
1378 2136 1498 2200 fugit
1517 2137 1624 2185 etin
1637 2135 1881 2187 Graeciam

367 2207 562 2254 transiit.
616 2204 754 2268 Apud
779 2204 988 2269 Epirum,
1021 2205 1360 2268 Macedoniam,
1399 2205 1621 2257 Achaiam
1654 2205 1878 2270 Pompeio

369 2274 488 2322 duce
508 2282 696 2323 senatus
717 2282 879 2324 contra
899 2273 1151 2324 Caesarem
1176 2274 1350 2324 bellum
1370 2277 1563 2339 paravit.

474 2344 559 2392 CA
573 2360 617 2391 P.
655 2343 759 2392 XX.
804 2343 981 2393 Caesar
1007 2359 1199 2393 vacuam
1226 2345 1388 2393 urbem
1420 2347 1662 2408 ingressus
1684 2345 1878 2394 dictato-

365 2428 463 2461 rem
494 2429 547 2461 se
572 2413 702 2461 fecit.
756 2412 868 2461 Inde
888 2412 1136 2476 Hispanias
1158 2415 1307 2477 petiit.
1363 2412 1432 2462 Ibi
1458 2413 1669 2477 Pompeii
1697 2416 1877 2463 exerci-

365 2490 438 2530 tas
462 2482 778 2531 validissimos
805 2489 852 2530 et
870 2482 1152 2531 fortissimos
1165 2497 1269 2531 cum
1290 2483 1436 2531 tribus
1450 2483 1665 2545 ducibuS,
1684 2482 1876 2532 L.Afra-

364 2554 459 2613 nic,
498 2550 560 2599 M.
582 2550 794 2612 Petreio,
820 2550 882 2599 Μ.
904 2549 1132 2615 Varrone,
1164 2554 1417 2616 superavit.
1479 2550 1592 2602 Inde
1626 2567 1875 2615 regressus
1926 2601 1932 2609 ,

365 2622 411 2668 in
431 2618 672 2669 Graeciam
691 2621 895 2682 transiit,
929 2620 1174 2669 adversum
1194 2620 1462 2685 Pompeium
1489 2622 1737 2671 dimicavit.
1781 2620 1874 2669 Pri-

365 2705 442 2737 mo
471 2688 654 2752 proelio
677 2690 827 2738 victus
849 2698 920 2738 est
944 2698 990 2738 et
1009 2690 1213 2754 fugatus,
1245 2693 1392 2740 evasit
1410 2699 1582 2753 tamen,
1605 2689 1712 2756 quia
1735 2697 1875 2740 nocte

365 2758 703 2808 interveniente
744 2758 990 2823 Pompeius
1028 2761 1164 2824 sequi
1210 2759 1383 2824 noluit,
1428 2761 1636 2828 dixitque
1680 2758 1870 2822 Caesar,

363 2844 457 2877 nec
482 2826 762 2892 Pompeium
780 2830 914 2879 scire
934 2830 1156 2891 vincere,
1195 2836 1242 2880 et
1269 2831 1354 2880 ino
1376 2836 1566 2880 tantum
1591 2830 1674 2879 die
1705 2846 1762 2880 se
1780 2845 1871 2894 pa-
