2026 3238
788 155 1014 201 LIBER
1061 157 1123 200 lV.
1642 151 1706 202 27

199 291 383 357 proelio
412 293 580 339 victus.
640 290 809 355 Neque
836 298 988 339 tamen
1017 291 1240 351 Romani,
1277 304 1539 354 quanquam
1567 303 1706 353 supe·

197 363 300 424 rati,
327 362 429 424 regi
458 361 632 424 petenti
654 374 819 425 pacem
838 367 1080 424 praestare
1098 358 1363 421 voluerunt,
1389 359 1477 407 nisi
1497 358 1569 406 his
1598 372 1707 408 con-

198 430 484 479 dicionibus:
519 436 573 479 ut
594 445 652 481 se
676 437 724 480 et
740 445 860 479 suos
877 430 1077 479 senatui
1102 434 1150 479 et
1172 428 1358 492 populo
1383 427 1525 477 Rom.
1550 428 1707 478 dede-

197 508 290 551 ret.
329 498 439 550 Mox
458 499 627 547 missus
654 505 815 547 contra
840 508 945 546 <mm
963 496 1015 546 L.
1035 496 1261 547 Aemilius
1284 495 1453 546 Paulus
1477 496 1644 546 consul
1664 504 1710 545 et
1726 514 1816 551 mu.

197 571 242 617 in
268 567 505 633 Illyricum
526 566 580 616 C.
597 567 790 616 Anicius
818 574 1004 631 praetor
1020 574 1179 616 contra
1200 564 1430 616 Gentium.
1466 566 1562 615 Sed
1582 564 1704 615 Gen·
1729 569 1794 603 ⁶⁸⁴

197 639 286 686 tius
303 636 444 687 facile
465 650 556 685 uno
577 637 762 700 proelio
783 638 935 686 victus
959 651 1069 686 mox
1092 652 1146 685 se
1174 635 1364 685 dedidit.
1423 635 1572 685 Mater
1604 636 1705 684 eius

197 715 243 755 et
262 719 381 756 uxor
400 712 447 754 et
474 705 565 754 duo
586 706 684 768 lilii,
713 706 858 755 frater
878 721 1070 772 quoque
1090 705 1226 754 simul
1254 707 1299 754 in
1320 713 1599 770 potestatem
1611 705 1704 754 Ro-

194 789 429 825 manorum
450 783 692 823 venerunt.
744 773 816 824 Ita
834 774 963 824 bello
987 777 1105 824 intra
1123 792 1216 824 xxx
1242 774 1341 822 dies
1367 775 1579 838 perfecto
1601 782 1706 824 ante

195 846 431 908 cognitum
454 852 527 892 est
545 843 758 893 Gentium
780 845 969 907 victum,
1004 859 1140 908 quam
1166 850 1386 907 coeptum
1405 844 1576 892 bellum
1595 860 1706 892 nun·

193 916 398 963 tiaretur.

302 983 386 1031 CA
403 999 446 1030 ι».
473 980 572 1030 Vll.
596 981 730 1047 (lv.)
775 981 891 1030 Cum
916 981 1090 1031 Perseo
1121 990 1275 1031 autem
1292 981 1519 1041 Aemilius
1539 981 1706 1031 Paulus

194 1051 358 1101 consul
381 1070 429 1100 ιιι
456 1050 577 1100 Non.
600 1050 890 1115 Septembris
912 1051 1161 1113 dimicavit,
1189 1052 1397 1116 vicitque
1421 1067 1526 1100 eum
1542 1068 1606 1101 xx
1623 1054 1705 1100 mi·

194 1121 315 1169 libus
346 1119 553 1184 peditum
579 1121 680 1168 eius
716 1121 906 1169 occisis.
969 1120 1215 1184 Equitatus
1250 1135 1354 1169 cum
1380 1135 1497 1185 rege
1524 1122 1706 1185 integer

193 1191 327 1254 fugit.
379 1189 691 1238 Romanorum
717 1207 744 1238 c
764 1189 935 1238 milites
962 1191 1119 1238 amissi
1147 1197 1270 1238 sunt.
1308 1190 1461 1239 Urbes
1486 1189 1704 1239 Macedo·

191 1260 296 1307 niae
325 1273 516 1320 omnes,
553 1273 668 1322 quas
696 1274 780 1307 rex
809 1266 1044 1321 tenuerat,
1074 1259 1295 1307 Romanis
1325 1275 1377 1307 se
1415 1258 1705 1307 dediderunt.

190 1328 302 1392 lpse
322 1342 424 1390 rex,
447 1343 551 1375 cum
572 1327 872 1376 desereretur
890 1328 947 1376 ab
975 1329 1135 1377 amicis
1150 1365 1164 1390 ,
1203 1329 1329 1377 venit
1359 1329 1404 1377 in
1423 1327 1551 1377 Pauli
1574 1335 1705 1392 pote·

193 1405 372 1446 statem.
413 1397 508 1445 Sed
528 1397 754 1446 honorem
782 1399 825 1445 ei
844 1396 1071 1446 Aemilius
1101 1412 1194 1446 non
1215 1398 1349 1462 quasi
1376 1398 1502 1446 victo
1531 1398 1705 1446 habuit.

192 1466 308 1515 Nam
342 1473 389 1514 et
420 1466 657 1515 volentem
687 1466 745 1515 ad
777 1466 922 1530 pedes
951 1467 1039 1515 sibi
1071 1466 1241 1516 cadere
1266 1481 1359 1515 non
1391 1468 1624 1531 permisit,
1662 1474 1709 1515 et

192 1538 316 1585 iuxta
348 1551 402 1583 se
430 1536 476 1583 in
505 1535 622 1584 sella
654 1535 919 1585 collocavit.
976 1535 1310 1585 Macedonibus
1343 1544 1389 1585 et
1416 1535 1589 1601 Illyriis
1618 1536 1707 1585 hae

194 1603 327 1668 leges
353 1619 380 1653 a
399 1604 619 1653 Romanis
649 1604 808 1654 datae:
829 1612 884 1655 ut
905 1606 1054 1656 liberi
1072 1612 1238 1656 essent
1266 1612 1313 1657 et
1332 1607 1596 1656 dimidium
1624 1620 1706 1656 eo·

191 1689 305 1723 rum
330 1675 629 1724 tributorum
647 1680 1002 1738 praestarent,
1047 1688 1180 1737 quae
1199 1676 1401 1738 reqibus
1419 1675 1706 1739 praestitis·-

192 1749 336 1805 sent,
378 1750 426 1790 ut
466 1751 740 1806 appareret,
794 1743 1015 1806 populum
1048 1743 1305 1792 Romanum
1341 1758 1425 1807 pro
1472 1745 1708 1807 aequitate

192 1813 358 1875 magis,
379 1826 516 1876 quam
534 1813 725 1860 avaritia
745 1812 980 1860 dimicare.
1009 1812 1164 1876 Atque
1187 1814 1233 1861 in
1247 1820 1476 1861 conventu
1495 1813 1708 1861 finitimo·

191 1896 290 1930 rum
330 1880 609 1944 populorum
649 1880 816 1929 Paulus
868 1881 986 1929 haec
1022 1882 1333 1945 pronuntiavit
1370 1890 1417 1929 et
1443 1881 1708 1945 legationes

191 1949 432 1998 multarum
453 1951 678 2014 gentium,
701 1964 822 2014 quae
850 1948 907 1998 ad
929 1965 1033 1998 eum
1053 1958 1303 2012 venerant,
1343 1951 1705 2014 magnificentis-

192 2021 310 2068 sime
336 2020 552 2068 convivio
586 2020 736 2083 pavit,
766 2018 927 2067 dicens
952 2021 1178 2069 eiusdem
1195 2019 1410 2069 hominis
1430 2035 1542 2070 esse
1560 2020 1707 2070 debe·

191 2105 266 2153 re,
293 2094 340 2140 et
358 2089 485 2139 bollo
494 2090 717 2151 vincere,
734 2095 782 2139 et
792 2090 1276 2153 conviviiapparatu
1289 2089 1566 2153 eleqantem
1579 2104 1703 2139 esse.

295 2157 435 2207 Car.
460 2156 587 2208 VIII.
621 2155 733 2206 Mox
753 2174 843 2205 Lxx
865 2158 1077 2206 civitates
1095 2156 1245 2220 Epiri,
1268 2172 1388 2221 quae
1406 2157 1702 2219 rebellarant,

192 2228 347 2290 cepit,
382 2226 597 2289 praedam
625 2225 846 2274 militibus
871 2225 1118 2274 distribuit.
1170 2225 1364 2276 Romam
1394 2240 1498 2275 cum
1525 2227 1701 2290 ingenti

194 2308 366 2360 pompa
394 2295 530 2343 rediit
547 2296 593 2342 in
620 2310 737 2343 nave
762 2294 941 2357 Persei,
966 2310 1086 2359 quae
1107 2295 1351 2343 inusitatae
1370 2295 1702 2358 magnitudinis

193 2366 342 2413 fuisse
371 2363 591 2426 traditur,
631 2363 750 2413 adeo
782 2371 832 2412 ut
861 2380 943 2413 xvr
971 2364 1158 2413 ordines
1183 2363 1361 2421 dicatur
1385 2364 1607 2412 habuisse
1631 2378 1703 2412 re-

192 2449 386 2484 morum.
449 2432 766 2496 Triumphavit
794 2442 947 2482 autem
982 2433 1441 2497 magnificentissime
1479 2434 1524 2482 in
1564 2448 1701 2481 curru
1727 2440 1803 2474 ΑΜ

193 2516 337 2552 aureo
359 2517 464 2551 cum
483 2502 665 2551 duobus
695 2502 828 2564 filiis,
857 2510 1055 2567 utroque
1080 2503 1226 2551 latere
1259 2501 1562 2551 adstantibus.
1605 2501 1702 2550 Du·
1728 2496 1793 2531 ⁵⁸⁶

194 2573 255 2621 cti
282 2579 387 2621 sunt
412 2579 518 2621 ante
547 2587 729 2620 currum
754 2572 846 2621 duo
874 2574 1002 2637 regis
1037 2572 1116 2621 filii
1151 2574 1320 2636 etipse
1341 2569 1571 2634 Perseus,
1610 2585 1706 2620 xcv

192 2656 338 2691 annos
356 2648 505 2691 natus.
550 2640 661 2690 Post
687 2657 792 2691 eum
815 2643 952 2691 etiam
978 2639 1032 2691 C.
1055 2641 1245 2690 Anicius
1266 2641 1326 2690 de
1349 2639 1522 2706 Illyriis
1542 2641 1698 2689 trium·
1718 2649 1808 2682 AM·

193 2711 364 2775 phavit.
407 2708 599 2759 Gentius
622 2725 724 2759 cum
739 2711 879 2760 fratre
901 2719 947 2760 et
972 2711 1077 2760 filiis
1096 2718 1202 2760 ante
1222 2725 1404 2759 currum
1423 2710 1588 2759 ductus
1609 2717 1696 2758 est.
1729 2705 1799 2739 5⁸⁶

195 2778 266 2828 Ad
291 2780 383 2829 hoc
410 2779 729 2844 spectaculum
754 2780 993 2830 multarum
1012 2782 1217 2844 gentium
1240 2794 1380 2844 reges
1401 2779 1594 2828 Romam
1620 2793 1700 2827 ve·
