2026 3238
251 1826 309 1860 ³51

349 155 419 205 24
933 157 1292 203 EU'I'ROPII

348 302 501 342 tamen
532 307 695 341 eorum
729 306 788 338 ex
812 291 928 338 urbe
947 292 1189 340 venientes
1219 307 1245 339 a
1264 292 1486 340 Romanis
1517 294 1640 356 capti
1673 302 1779 342 sunt
1816 302 1863 343 et

349 363 538 411 iubente
565 362 791 426 Scipione
813 359 1007 408 dimissi.
1057 359 1282 409 Hannibal
1318 375 1508 425 quoque
1537 361 1862 425 frequentibus

346 431 542 496 proeliis
570 432 724 479 victus
757 444 783 478 a
815 430 1039 492 Scipione
1071 432 1188 493 petit
1221 431 1359 479 etiam
1387 431 1492 493 ipse
1518 444 1699 494 pacem.
1747 431 1862 482 Cum

345 509 533 551 ventum
572 508 702 549 esset
736 498 793 547 ad
822 497 1136 562 colloquium,
1174 499 1342 548 iisdem
1375 499 1732 548 condicionibus
1757 501 1862 550 data

346 579 437 634 est,
461 572 631 634 quibus
644 570 789 633 prius,
823 566 994 616 Addita
1007 569 1275 632 quingentis
1295 568 1481 617 milibus
1502 568 1661 633 pondo
1680 572 1862 634 argenti

349 659 374 690 c
395 640 522 688 milia
549 638 769 688 librarum
800 644 995 700 propter
1019 650 1188 687 novam
1217 637 1473 701 perfidiam.
1511 637 1861 702 Carthaginien·

348 710 479 758 sibus
505 708 810 757 condiciones
830 702 1185 769 displicuerunt,
1207 709 1538 771 iusseruntque
1558 708 1860 758 Hannibalem

302 825 305 828 .
348 793 575 843 pugnare.
614 776 816 825 Infertur
835 791 861 824 a
880 775 1108 839 Scipione
1127 783 1177 824 et
1193 775 1443 825 Masinissa
1459 813 1473 838 ‚
1512 777 1605 826 alic
1632 793 1748 842 rege
1764 777 1858 827 Nu-

347 848 586 910 midarum,
618 848 697 911 qui
717 846 965 895 amicitiam
985 859 1089 893 curn
1109 845 1337 909 Scipione
1359 845 1555 907 fecerat,
1593 846 1858 911 Carthagini

346 918 535 967 bellum.
558 915 740 981 (XIII.)
800 913 1026 963 Hannibal
1054 922 1152 963 tres
1185 915 1510 979 exploratores
1539 916 1596 964 ad
1625 917 1860 980 Scipionis

348 995 500 1036 castra
517 987 659 1048 misit,
681 998 803 1049 quos
824 991 990 1047 captos
1011 985 1175 1047 Scipio
1189 983 1472 1032 circumduci
1494 999 1581 1047 per
1594 993 1745 1034 castra
1766 987 1859 1035 ius·

347 1059 423 1119 sit,
451 1055 732 1118 ostendique
756 1055 827 1102 eis
851 1060 1000 1101 totum
1021 1054 1294 1114 exercitum,
1329 1067 1437 1101 mox
1458 1055 1595 1102 etiam
1621 1055 1862 1116 prandium

347 1126 463 1187 dari,
492 1125 770 1187 dimittique,
791 1128 843 1171 ut
859 1123 1175 1170 renuntiarent
1194 1121 1454 1185 Hannibali,
1483 1137 1605 1186 quae
1625 1123 1748 1186 apud
1766 1123 1860 1172 Ro·

344 1209 508 1244 manos
527 1193 773 1242 vidissent.

453 1264 602 1312 Gar.
627 1259 801 1310 XXIII.
853 1259 1038 1309 Interea
1076 1260 1307 1324 proelium
1338 1260 1396 1309 ab
1422 1267 1623 1325 utroque
1644 1261 1764 1309 duce
1793 1265 1860 1310 in·

347 1342 572 1383 structum
595 1340 686 1394 est,
713 1330 853 1395 quale
871 1331 950 1379 vix
967 1328 1060 1378 ulla
1078 1331 1304 1379 memoria
1321 1329 1438 1392 fuit,
1460 1344 1568 1378 cum
1588 1332 1860 1394 peritissimi

348 1406 436 1452 viri
458 1404 623 1467 copias
646 1416 755 1449 suas
776 1399 834 1448 ad
853 1399 1028 1447 bellum
1056 1398 1325 1448 educerent„
1366 1398 1531 1462 Scipio
1555 1401 1709 1448 victor
1727 1415 1860 1448 rece·

348 1473 414 1522 dit
445 1487 597 1537 paene
623 1473 731 1535 ipso
763 1468 1019 1518 Hannibale
1048 1476 1212 1533 capte,
1254 1470 1334 1532 qui
1365 1470 1560 1532 primum
1581 1484 1686 1517 cum
1703 1469 1861 1520 multis

348 1544 603 1608 equitibus,
633 1539 802 1589 deinde
825 1553 929 1586 cum
945 1553 1036 1599 xx,
1071 1545 1313 1601 postremo
1335 1552 1439 1587 cum
1464 1545 1663 1602 quatuor
1693 1541 1859 1589 evasit.

343 1611 536 1661 Inventa
557 1613 605 1659 in
625 1610 791 1659 castris
811 1607 1080 1656 Hannibalis
1098 1608 1279 1671 argenti
1299 1606 1458 1671 pondo
1479 1622 1544 1657 xx
1569 1607 1694 1659 milia
1707 1645 1720 1670 ‚
1761 1610 1860 1656 auri

343 1698 485 1743 nxxx,
511 1688 668 1729 cetera
689 1676 1002 1741 supellectilis
1036 1678 1250 1744 copiosa,
1306 1675 1419 1726 Post
1438 1677 1483 1726 id
1509 1684 1744 1726 certamen
1770 1692 1862 1742 pax

344 1766 448 1800 cum
485 1746 946 1812 Carthaginiensibus
980 1745 1101 1794 facta
1132 1753 1221 1796 est.
1276 1747 1439 1809 Scipio
1474 1745 1668 1797 Romam
1700 1747 1858 1808 rediit,

345 1821 522 1884 ingenti
548 1819 700 1882 gloria
718 1815 1018 1878 triumphavit
1036 1822 1177 1878 atque
1197 1814 1446 1864 Africanus
1466 1830 1527 1863 ex
1550 1827 1610 1863 eo
1629 1815 1858 1879 appellari

347 1896 547 1953 coeptus
578 1894 667 1935 est.
733 1884 896 1934 Finem
926 1885 1116 1947 accepit
1148 1882 1405 1934 seeundum
1429 1882 1651 1932 Punicum
1683 1884 1858 1934 bellum

313 1991 315 1994 .
345 1966 456 2022 post
481 1972 648 2006 annum
665 1968 836 2003 nonum
856 1951 1101 2015 decimum,
1126 1967 1262 2016 quam
1282 1960 1519 2015 coeperat.

717 2245 999 2298 hini-:R
1055 2243 1487 2306 emarus-

846 2413 1343 2455 ,tnouMssN'rnnL

417 2508 457 2552 1.
472 2508 515 2550 2.
532 2509 692 2549 Bellum
701 2509 1013 2555 Macedonicum
1027 2512 1412 2565 nontraPhilippnm
1427 2524 1582 2565 regem.
1603 2511 1645 2554 3.
1660 2508 1705 2552 4.
1720 2510 1855 2564 Syria-

342 2577 436 2606 cum
467 2571 610 2607 contra
630 2566 880 2611 Antiochum
896 2581 1049 2621 rogem.
1099 2569 1142 2610 5.
1159 2569 1294 2613 Fulvii
1314 2568 1367 2614 de
1381 2568 1539 2613 Aetolis
1560 2567 1794 2622 triumphus
1815 2574 1854 2608 et

340 2634 453 2662 mors
462 2622 717 2662 Hannibalis·
753 2621 844 2665 6-8.
858 2624 1019 2665 Bellum
1035 2625 1349 2666 Macedonicum
1363 2626 1593 2666 secundum
1607 2631 1748 2666 eontra
1759 2623 1853 2665 Per·

341 2691 461 2719 seum
476 2686 516 2719 et
530 2678 735 2733 Illyricum
748 2687 889 2720 contra
905 2680 1097 2722 Gentium
1111 2682 1391 2735 triumphique
1407 2683 1458 2722 de
1477 2683 1530 2726 iis
1543 2682 1637 2723 acti.
1670 2679 1714 2724 9.
1733 2680 1817 2720 Res
1829 2692 1851 2720 a

340 2732 540 2775 Mummio
557 2736 599 2774 in
613 2735 812 2790 Hispania
819 2750 1018 2792 prospere
1033 2745 1191 2793 gestae.
1218 2738 1374 2782 10-12.
1387 2738 1548 2781 Bellum
1558 2738 1758 2779 Punicum
1773 2744 1852 2777 ter-

342 2793 444 2832 tium
474 2799 513 2832 et
529 2791 788 2847 Carthaginis
814 2796 1037 2836 excidium.
1085 2796 1150 2838 13.
1180 2795 1341 2837 Bellum
1362 2796 1672 2837 Macedonicum
1685 2795 1851 2835 tertium
