2026 3238
678 142 902 188 LIBER
944 143 1044 188 VIII.
1549 134 1616 186 57

107 279 382 328 elementiae
419 278 616 341 gloriam
652 277 836 338 habuit,
877 275 1260 339 diligentissimus
1302 284 1455 325 tamen
1495 277 1620 324 eirca

104 350 332 398 aerarium
350 355 400 396 et
414 347 608 396 militum
627 346 934 410 disciplinam.
982 345 1147 395 Obiit
1133 361 1180 395 ιιι
1200 344 1450 410 Campania
1473 346 1620 393 maior
1662 351 1703 385 P

104 419 412 482 sexagenario
431 418 615 480 imperii
639 430 758 465 anno
773 431 870 464 xxr.
893 430 1057 464 mense
1077 432 1123 464 x.
1149 415 1227 464 die
1250 432 1379 466 xxxx.
1418 415 1618 463 Senatus
1634 407 1721 496 ⁰3:-

105 488 150 536 ei
182 487 390 536 tribuere
418 486 565 535 noluit
595 485 778 534 divinos
797 485 1022 547 honores,
1052 493 1207 534 tamen
1235 500 1340 534 eum
1365 497 1613 533 successor
1710 491 1716 497 ·

104 558 254 620 ipsius
282 554 412 605 Titus
439 554 658 603 Aurelius
687 554 880 603 Fulvius
905 554 1166 603 Antoninus
1195 556 1289 604 hoe
1314 555 1620 603 vehementer

105 627 320 689 exigeret
349 632 397 673 et
424 625 630 673 universi
658 632 901 673 senatores
923 624 1073 687 palam
1094 626 1395 686 resisterent,
1434 622 1619 672 tandem

108 695 323 745 obtinuit.

209 763 250 811 C
263 778 352 812 AP.
372 760 499 809 VIII.
525 761 657 828 (lv.)
697 762 826 826 Ergo
846 763 1077 812 Hadriano
1098 765 1333 812 suecessit
1351 762 1404 810 T.
1428 761 1621 809 Antoni·

104 847 190 881 nus
199 831 390 880 Fulvius
399 830 643 893 Boionius,
653 832 776 880 idem
785 834 923 880 etiam
937 832 1045 880 Pius
1057 830 1517 896 nominatus;genere
1530 829 1623 879 cla-

103 914 177 964 r0,
191 901 279 950 sed
295 914 389 949 non
407 900 656 949 admodum
676 909 856 963 vetere,
878 903 950 949 vir
971 903 1167 965 insignis
1188 909 1237 949 et
1255 903 1335 966 qui
1345 903 1510 950 merito
1526 899 1600 948 Nu

106 986 209 1019 mae
220 969 454 1033 Pompilio
468 970 760 1033 conferatur,
782 972 845 1019 ita
856 979 907 1019 ut
922 971 1125 1020 Romulo
1137 969 1359 1019 Traianus
1379 977 1620 1033 aequetur.

107 1039 230 1087 Vixit
256 1040 433 1102 ingenti
462 1039 708 1088 honestate
739 1041 962 1103 privatus„
990 1042 1153 1089 maiori
1181 1042 1228 1088 in
1260 1040 1478 1103 imperi0,
1509 1037 1623 1087 nulli

108 1109 326 1170 acerbuS,
362 1110 542 1156 eunctis
572 1110 830 1172 benignuS,
864 1112 911 1157 in
939 1125 992 1157 re
1011 1109 1195 1158 militari
1214 1109 1451 1158 moderata
1470 1107 1622 1172 gloria

105 1177 360 1226 defendere
384 1178 532 1241 magis
552 1180 817 1241 provincias
843 1194 980 1243 quam
999 1178 1284 1241 amplificare
1311 1178 1524 1239 studenS,
1554 1178 1621 1224 vi-

108 1261 183 1295 ·os
212 1247 525 1310 aequissimos
562 1246 619 1295 ad
647 1247 1050 1297 administrandam
1083 1262 1182 1295 rem
1216 1247 1450 1311 publicam
1480 1261 1621 1311 quae·

105 1331 232 1378 renS,
252 1315 390 1364 bonis
411 1315 638 1364 honorem
656 1317 860 1379 habens,
895 1317 1139 1381 improbos
1170 1318 1274 1364 sine
1306 1317 1463 1381 aliqua
1490 1330 1622 1364 acer·

105 1386 248 1433 bitate
290 1384 554 1447 detestanS,
590 1386 784 1449 regibus
827 1388 989 1435 amieis
1013 1386 1307 1435 'venerabilis
1343 1400 1438 1434 non
1472 1386 1622 1433 minus

106 1469 243 1518 quam
273 1454 520 1515 terribiliS,
564 1454 684 1502 adeo
722 1464 770 1503 nt
800 1456 1103 1505 barbarorum
1146 1454 1375 1518 plurimae
1407 1456 1623 1503 nationes

105 1523 337 1588 depositis
367 1525 506 1571 armis
531 1523 589 1573 ad
614 1539 719 1572 eum
744 1527 1090 1574 controversias
1110 1539 1218 1573 suas
1237 1524 1442 1588 litesque
1471 1523 1624 1572 defer-

106 1601 209 1641 rent
230 1594 586 1657 sententiaeque
606 1595 709 1641 eius
725 1602 960 1658 parerent.
998 1594 1087 1643 Hie
1106 1601 1213 1643 ante
1231 1595 1476 1657 imperium
1497 1593 1625 1641 ditis-

106 1664 252 1710 simus
273 1676 392 1726 opes
415 1661 603 1726 quidem
622 1676 785 1711 omnes
807 1679 917 1712 suas
938 1663 1185 1728 stipendiis
1203 1662 1398 1711 militum
1423 1670 1470 1711 et
1501 1665 1627 1710 circa

109 1732 282 1786 amieos
315 1730 670 1780 liberalitatibus
700 1733 889 1796 minuit,
927 1748 1091 1781 verum
1107 1733 1335 1780 aerarium
1355 1731 1627 1794 opulentum

106 1800 312 1864 reliquit.
358 1799 468 1848 Pius
493 1809 686 1864 propter
710 1801 1004 1850 elementiam
1034 1801 1187 1850 dictus
1207 1808 1294 1849 est.
1351 1799 1479 1849 Obiit
1501 1799 1625 1864 apud
1665 1815 1708 1848 P.

106 1869 316 1932 Lorium,
363 1869 520 1918 villam
557 1885 711 1933 suam,
744 1870 944 1919 miliario
981 1872 1038 1920 ab
1065 1871 1181 1918 urbe
1209 1886 1321 1931 xr1.,
1360 1872 1484 1918 vitae
1504 1870 1722 1918 annuc-N

108 1955 300 2002 nxxm„
339 1940 523 2003 imperii
540 1955 739 2001 mun,
776 1948 918 2005 atque
943 1942 1064 1989 inter
1092 1939 1243 1988 Divos
1268 1938 1443 1987 relatus
1478 1946 1553 1987 est
1579 1946 1626 1987 et
1652 1927 1721 1962 ¹⁶¹·

107 2010 272 2057 merito
298 2016 620 2057 consecratus.

206 2078 253 2126 ‘C
266 2095 300 2127 A
311 2094 355 2128 r.
375 2076 457 2127 lx.
477 2077 587 2144 (V.)
620 2078 734 2127 Post
751 2079 876 2128 hune
900 2081 1148 2143 imperavit
1157 2078 1346 2127 Marcus
1363 2077 1627 2127 Antoninus

105 2147 277 2209 VeruS,
300 2147 421 2196 haud
437 2148 577 2196 dubie
595 2148 934 2210 nobilissimus,
950 2150 1129 2213 quippe
1149 2164 1254 2196 cum
1273 2148 1376 2196 eius
1387 2148 1524 2210 origo
1545 2161 1626 2209 pa·

107 2225 238 2265 terna
255 2231 283 2264 a
304 2215 454 2265 Numa
474 2215 724 2280 Pompilio,
754 2224 958 2265 materna
986 2232 1012 2265 a
1033 2217 1289 2265 Sallentino
1311 2231 1429 2279 rege
1451 2215 1626 2279 pende-

108 2293 196 2347 ret,
233 2292 280 2333 et
303 2299 407 2333 eum
427 2300 489 2334 eo
506 2284 558 2333 L.
578 2286 840 2335 Antoninus
863 2286 1032 2335 Verus.
1071 2285 1284 2350 Tumque
1311 2286 1508 2348 primum
1528 2284 1626 2333 Ro-

106 2369 239 2402 mana
252 2369 329 2408 res
349 2354 538 2417 publica
556 2354 738 2404 duobus
758 2369 912 2420 aequo
929 2356 1032 2404 iure
1051 2357 1296 2419 imperium
1309 2354 1626 2403 administran-

110 2424 231 2472 tibus
251 2425 428 2487 parnit,
461 2439 566 2472 cum
582 2440 736 2489 usque
759 2424 818 2474 ad
838 2439 924 2473 eos
944 2425 1157 2488 singulos
1176 2438 1367 2487 semper
1385 2423 1627 2472 habuisset

111 2493 368 2556 Augustos.

215 2561 357 2610 Gar.
380 2561 442 2611 X.
480 2561 537 2611 Hi
572 2570 621 2611 et
656 2578 832 2626 genere
860 2564 982 2612 inter
1010 2579 1064 2612 se
1097 2563 1333 2612 coniuncti
1367 2563 1553 2611 fuerunt
1580 2569 1628 2610 et

109 2631 348 2680 affinitate.
391 2630 509 2680 Nam
526 2631 680 2680 Verus
699 2632 960 2681 Antoninus
979 2632 1043 2680 Μ.
1063 2633 1285 2681 Antonini
1312 2632 1450 2681 filiam
1470 2633 1515 2680 in
1535 2646 1627 2679 ma·

111 2701 374 2749 trimonium
402 2701 587 2763 babuit,
638 2700 703 2749 M.
733 2709 888 2751 autem
928 2701 1188 2751 Antoninus
1225 2717 1375 2765 gener
1406 2701 1627 2750 Antonini

112 2768 178 2817 Pii
209 2770 295 2818 fuit
316 2784 403 2828 per
422 2784 613 2818 uxorem
643 2769 875 2820 Galeriam
899 2770 1163 2820 Faustinam
1183 2772 1428 2832 iuniorem,
1457 2783 1624 2818 conso-
