2026 3238
298 2690 342 2724 P.

270 2746 362 2782 c.N.

295 2803 338 2836 98

400 180 490 230 54'
956 183 1342 228 EUTROPII

762 385 1035 438 LIBER
1096 385 1526 439 achivus

1109 488 1245 496 -—--

916 537 1390 579 ARGUMEN'MJM.

482 623 522 662 1.
555 622 729 671 Nervae,
754 623 978 671 Domitiani
996 623 1263 670 successoris,
1295 622 1483 673 aequitas
1513 626 1553 660 et
1574 619 1763 661 civilitas.
1797 618 1904 660 2-5.

395 679 595 719 Traianus
638 679 864 731 praeclaris
905 678 1124 719 virtutibus
1166 683 1334 718 ornatus
1372 678 1476 718 fines
1525 676 1703 717 Romani
1744 677 1908 729 imperii

395 737 578 776 subactis
610 736 852 789 regionibus
880 734 1133 788 populisque
1162 735 1352 788 pluribus
1382 734 1506 788 longe
1537 734 1702 784 lateque
1731 731 1904 787 profert.

392 790 435 834 6.
459 789 501 834 7.
542 793 790 842 Hadrianus,
822 792 988 832 Traiani
1019 792 1177 845 gloriae
1199 791 1405 839 invidens,
1436 791 1601 844 imperii
1630 791 1782 830 limites
1810 802 1906 829 eon-

392 848 519 889 trahit
551 856 589 888 et
621 850 715 902 paci
736 879 746 898 ,
794 849 924 889 literis
954 856 994 888 et
1031 848 1390 890 aedificationibus
1419 848 1573 889 studet.
1631 844 1674 888 8.
1707 846 1906 887 Antonini

393 905 455 945 Pii
486 907 659 946 virtutes
689 906 831 947 eiviles
860 911 900 946 et
931 905 1046 959 apud
1085 912 1248 946 exteros
1288 905 1435 959 gloria.
1491 903 1532 947 9.
1559 903 1663 944 nino
1693 905 1797 944 duos
1830 903 1905 942 im-

391 967 605 1016 peratores
643 961 788 1002 habuit
829 976 897 1002 res
926 962 1093 1015 publiea
1124 962 1261 1002 Marco
1304 969 1344 1001 et
1381 961 1511 1001 Lucio
1539 961 1757 1001 Antoninis
1783 960 1906 999 Veris

393 1031 527 1070 aequo
558 1020 649 1059 iure
678 1020 963 1073 regnantibus.
1027 1018 1095 1059 10.
1127 1018 1269 1066 Lucii,
1299 1019 1467 1070 ingenio
1494 1029 1643 1070 parum
1672 1017 1803 1065 civili,
1835 1029 1906 1056 ex·

390 1075 551 1128 peditio
582 1081 723 1115 eontra
753 1076 927 1115 Parthos
961 1083 999 1114 et
1029 1075 1263 1127 triumphus
1294 1075 1391 1114 inde
1419 1080 1623 1116 revectus.
1683 1073 1751 1115 11.
1779 1073 1906 1112 Marci

393 1132 601 1181 doctrina,
648 1144 783 1172 mores
813 1134 960 1183 aequi,
995 1131 1103 1172 bella
1138 1137 1280 1172 eontra
1313 1130 1538 1172 Germanos
1583 1137 1623 1170 et
1651 1129 1904 1170 Marcoman-

390 1201 482 1238 nos,
511 1201 687 1240 quorum
711 1189 792 1230 hoo
820 1188 944 1242 longe
971 1189 1265 1242 gravissimum
1284 1188 1493 1242 triumpho
1510 1188 1702 1228 celebrat.
1737 1185 1804 1229 1⁵.
1820 1188 1905 1227 An-

389 1245 557 1285 toninus
588 1245 841 1287 Commodus
883 1258 906 1286 a
945 1252 1062 1298 patre
1100 1246 1221 1286 heres
1259 1247 1378 1299 regni
1412 1245 1554 1286 addito
1595 1244 1770 1285 solemni
1809 1243 1905 1284 hino

392 1301 582 1342 Caesaris
614 1303 781 1343 nomine
811 1310 934 1343 antea
963 1305 1208 1344 constitutus
1223 1333 1233 1351 ,
1276 1303 1460 1343 moribus
1492 1301 1706 1343 dissimilis
1722 1331 1733 1349 ‚
1764 1307 1904 1341 contra

391 1358 618 1400 Germanos
652 1360 827 1400 feliciter
862 1367 1037 1414 pugnat.
1100 1358 1169 1402 16.
1201 1359 1370 1400 Helvius
1406 1360 1600 1400 Pertinax
1639 1359 1903 1412 grandaevus

390 1418 472 1455 iam
506 1418 561 1458 ad
590 1418 811 1470 imperium
844 1424 1010 1458 evectus
1039 1423 1136 1471 post
1164 1428 1280 1459 ωαχ
1301 1417 1391 1457 dies
1412 1416 1589 1457 militum
1609 1415 1814 1456 seditione
1830 1427 1903 1470 pe-

392 1474 458 1516 rit.
521 1469 589 1514 17.
622 1473 787 1514 Salvius
818 1475 1003 1514 Iulianus
1018 1504 1029 1522 ,
1072 1475 1163 1515 iure
1194 1475 1495 1528 peritissimus,
1526 1486 1561 1523 *a
1589 1472 1739 1513 Severo
1770 1473 1902 1513 vietus

389 1535 485 1583 post
519 1542 581 1570 vn
610 1531 815 1570 mensium
845 1531 1065 1584 imperium
1093 1531 1344 1572 interficitur.
1394 1527 1461 1571 18.
1484 1529 1552 1572 19.
1588 1528 1813 1583 Septimius
1830 1527 1903 1569 Se-

389 1599 527 1636 verus,
557 1587 674 1637 Afer,
705 1589 890 1628 moribus
923 1589 1084 1637 saevis,
1115 1594 1296 1628 ceterum
1319 1588 1465 1628 doctus
1483 1619 1493 1636 ,
1534 1586 1806 1627 Pescennium
1833 1585 1895 1626 Ni·

389 1655 510 1696 grum
543 1650 583 1684 et
599 1643 788 1685 clodium
819 1645 1030 1694 Albinum,
1060 1646 1224 1698 imperii
1255 1644 1456 1694 aemulos,
1489 1644 1684 1698 opprimit
1709 1643 1902 1684 Parthos-

390 1712 470 1750 que
483 1731 494 1749 ,
533 1701 695 1742 Arabas
734 1708 774 1742 et
812 1702 1053 1743 Adiabenos
1093 1702 1246 1752 vinoit2
1287 1702 1541 1743 Britanniam
1572 1702 1698 1741 etiam
1727 1700 1899 1742 invadit.

389 1754 460 1796 20.
490 1757 690 1798 Antonini
723 1759 980 1808 Caracallae,
1027 1772 1052 1799 a
1080 1771 1162 1810 quo
1193 1759 1498 1800 Antoninianae
1537 1759 1722 1798 thermae
1765 1757 1901 1797 factae

389 1820 498 1862 sunt,
528 1815 730 1867 asperitas
763 1823 803 1856 et
830 1817 974 1858 libido.
1025 1815 1094 1857 21.
1128 1814 1252 1869 Opilii
1284 1815 1456 1856 Macrini
1485 1822 1524 1855 et
1549 1815 1798 1855 Diadumeni
1826 1813 1900 1853 filii

387 1871 514 1911 breve
543 1871 765 1924 imperium
795 1879 835 1913 et
862 1873 976 1913 nulla
1002 1885 1047 1912 re
1078 1873 1359 1913 memorabile.
1410 1870 1481 1913 22.
1514 1871 1673 1911 Aurelii
1703 1870 1897 1911 Antonini

387 1926 647 1981 Heliogabali
677 1931 764 1971 vita
789 1930 967 1983 impura.
1012 1927 1082 1971 23.
1113 1928 1308 1969 Aurelius
1339 1929 1577 1969 Alexander
1604 1933 1814 1981 reportata
1845 1927 1898 1967 de

387 1983 525 2025 Persis
548 1986 720 2026 victoria
747 1993 788 2026 et
817 1986 1060 2039 disciplinae
1086 1986 1275 2026 militaris
1305 1987 1523 2027 severitate
1550 1990 1688 2026 notus.
1731 1983 1815 2025 Sub
1847 1997 1896 2024 eo

388 2041 526 2081 floruit
555 2041 757 2094 Ulpianus
786 2043 889 2083 iuris
920 2043 1120 2083 conditor.

497 2111 631 2160 Car.
660 2111 697 2160 Ι.
741 2111 876 2162 Anno
915 2115 1305 2178 octingentesimo
1339 2121 1387 2162 et
1418 2115 1804 2179 quinquagesimo
1838 2117 1893 2165 ab

361 2181 506 2229 ·urbe
537 2181 739 2244 condita,
769 2182 944 2231 Vetere
969 2191 1015 2232 et
1039 2184 1234 2233 Valente
1260 2183 1555 2246 consulibu5‚
1594 2199 1672 2233 res
1711 2185 1894 2249 publiea

385 2250 442 2299 ad
466 2252 832 2314 prosperrimum
860 2260 1027 2302 statum
1059 2253 1197 2302 rediit
1229 2253 1367 2302 bonis
1399 2254 1688 2317 principibus
1716 2256 1893 2318 ingenti

385 2318 609 2369 felicitate
636 2323 900 2370 commissa.
954 2322 1219 2371 Domitiano
1246 2323 1392 2383 enim,
1431 2323 1654 2371 exitiabili
1680 2331 1890 2386 tyranno,

383 2387 539 2438 Nerva
566 2391 817 2453 successit,
840 2392 912 2439 vir
933 2393 980 2440 in
1001 2393 1176 2455 privata
1193 2393 1287 2440 vita
1305 2390 1570 2440 moderatus
1587 2399 1635 2440 et
1656 2400 1890 2455 strenuus,

383 2458 637 2507 nobilitatis
658 2459 857 2509 mediae.
890 2459 982 2520 Qui
1004 2475 1152 2508 senex
1170 2460 1414 2509 admodum
1435 2475 1627 2524 operam
1652 2462 1788 2511 dante
1805 2460 1890 2510 Pe-

381 2529 535 2576 tronio
560 2528 796 2591 Secund0‚
830 2530 1072 2592 praefecto
1099 2532 1361 2593 praetorio,
1390 2531 1499 2578 item
1518 2527 1794 2593 Partheni0‚
1823 2531 1888 2579 in·

382 2596 638 2644 tei-sectore
663 2596 932 2660 Domitiani,
963 2599 1215 2662 imperator
1239 2598 1389 2647 factus
1409 2601 1741 2664 aequissimum
1759 2615 1813 2648 se
1843 2607 1889 2647 et

383 2665 701 2713 civilissimum
714 2667 940 2729 praebuit.
984 2667 1071 2715 Rei
1096 2668 1311 2731 publicae
1325 2667 1475 2717 divina
1487 2671 1757 2732 provisione
1776 2682 1884 2716 con-

381 2732 521 2782 suluit
539 2733 782 2783 Traianum
805 2735 1086 2799 adoptando,
1136 2736 1345 2786 Mortuus
1369 2746 1442 2786 est
1466 2738 1644 2787 Romae
1674 2744 1781 2801 post
1807 2752 1885 2786 an-

380 2818 486 2850 num
513 2811 559 2851 et
592 2812 789 2868 quatuor
811 2821 998 2854 menses
1035 2807 1215 2868 imperii
1253 2808 1324 2855 sui
1356 2822 1411 2855 ac
1450 2807 1550 2856 dies
1579 2814 1719 2867 octo,
1759 2814 1883 2855 aeta·
