2026 3238
298 197 342 230 [V

294 324 422 379 sunt,
459 329 596 379 quae,
631 312 804 361 idoneo
834 311 1042 361 adhibito
1071 311 1344 374 interprete,
1383 310 1569 360 facilem
1590 318 1636 358 et
1654 325 1787 374 prom

292 409 383 449 tam
402 399 654 448 lectionem
679 394 877 444 reddere
908 395 1106 459 possint.
1163 391 1216 442 Id
1248 409 1275 442 a
1302 393 1439 442 nobis
1474 393 1645 442 factum
1678 408 1805 459 esse,

293 484 484 532 docebit
531 482 695 546 partim
748 479 969 528 orationis
1016 479 1166 542 ipsius
1220 478 1480 526 accuratior
1524 476 1805 543 explorat-io,

293 568 482 631 partim,
513 562 736 631 quicquid
755 569 967 611 notarum
991 559 1049 609 ad
1075 561 1211 609 finem
1237 559 1342 610 libri
1369 562 1672 625 aspersimus.
1710 561 1806 611 Ma-

291 652 414 699 xime
443 658 594 698 autem
624 649 774 697 secuti
803 660 961 694 sumus
983 642 1240 694 Tzohuckii
1273 643 1525 694 editionem
1558 646 1806 703 minorem3

291 750 351 782 ex
375 734 560 797 reliquo
581 738 823 796 apparatu,
852 744 992 793 quem
1010 742 1104 777 non
1122 728 1397 794 neglexisse
1421 731 1558 779 nobis
1578 730 1804 794 videmur,

293 823 495 880 excepto
511 853 524 879 ,
566 830 659 880 quo
691 828 842 878 nuper
866 828 925 862 ex
942 810 1215 862 Monacensi
1242 812 1408 862 codice
1435 816 1582 877 petito
1609 816 1673 863 uti
1691 829 1806 865 non-

291 900 397 949 dum
435 900 656 962 contigit,
705 898 944 959 duximus,
1003 895 1325 962 quaecunque‘
1350 898 1534 960 potiora
1573 899 1805 949 existima-

291 991 463 1033 rentur.

392 1066 519 1114 Vixit
543 1072 695 1113 autem
720 1094 777 1100 -
801 1079 904 1112 nam
934 1062 993 1110 de
1023 1063 1117 1111 hoc
1148 1064 1285 1112 etiam
1307 1064 1694 1128 praedicendum,
1737 1072 1803 1127 ut,

291 1151 458 1214 quibus
496 1149 727 1197 destinata
768 1154 840 1196 est
885 1162 1053 1211 opera,
1093 1149 1316 1211 habeant,
1376 1163 1497 1213 quae
1535 1147 1806 1198 desiderare

291 1235 474 1298 possint
499 1262 568 1269 ——
596 1231 854 1296 Eutropius
893 1232 1057 1280 seculo
1105 1239 1214 1296 post
1245 1229 1479 1281 Christum
1523 1239 1688 1296 quarto
1727 1248 1806 1282 ex·

289 1324 453 1379 eunte,
506 1315 744 1380 ediditque
783 1316 1089 1379 breviarium,
1137 1315 1264 1380 quod
1301 1316 1372 1363 sui
1408 1315 1635 1379 temporis
1674 1327 1807 1364 more

289 1400 428 1462 dixit,
470 1399 556 1448 sub
576 1397 865 1462 Imperatore
889 1398 1106 1448 Valente.
1171 1398 1263 1459 Qui
1291 1399 1446 1462 ipsum
1466 1411 1636 1447 nomen
1655 1401 1805 1463 magis

287 1490 569 1548 sequuntur,
615 1496 752 1545 quam
770 1489 1031 1546 temporum
1051 1496 1301 1546 rerumque
1318 1482 1550 1543 rationes,
1592 1481 1732 1530 facile
1759 1483 1805 1531 in

287 1582 426 1615 unum
453 1566 688 1615 hominem
718 1573 1087 1629 congesserunt,
1129 1579 1439 1630 quaecunque
1469 1563 1528 1612 de
1561 1563 1805 1629 Eutropiis

289 1658 451 1715 quarto
490 1651 748 1714 quintoque
783 1647 948 1697 seculo
993 1656 1234 1712 comperta
1270 1655 1400 1710 sunt,
1436 1646 1560 1697 unde
1594 1649 1708 1697 mira
1746 1649 1806 1696 de

287 1735 397 1795 vita,
426 1733 659 1793 moribuS,
699 1733 862 1795 factis,
910 1739 957 1780 et
973 1732 1131 1795 annis,
1171 1744 1291 1795 quos
1318 1729 1592 1794 explevisse
1617 1730 1802 1793 dicitur,

287 1816 538 1864 discordia.
599 1816 662 1864 Ut
687 1816 932 1879 explorata
958 1815 1018 1863 de
1039 1828 1098 1862 eo
1126 1813 1375 1863 admodum
1406 1826 1557 1876 pauca
1579 1813 1671 1862 dici
1693 1828 1802 1877 pos-

286 1907 407 1948 sunt.
451 1898 672 1961 Constat,
718 1899 867 1946 fuisse
903 1903 1112 1946 nostrum
1154 1897 1434 1960 scriptorem
1476 1894 1799 1959 Constantino,

287 1984 367 2047 qui
383 1981 580 2045 Magnus
606 1982 777 2044 fertur,
813 1982 870 2030 ab
900 1979 1145 2044 epistolis,
1184 1979 1311 2044 quod
1337 1994 1552 2043 magnum
1580 1988 1689 2028 tunc
1717 1980 1803 2029 fuit

287 2066 519 2127 officium,
580 2080 720 2128 quum
746 2066 834 2114 viri
867 2063 1033 2113 eruditi
1075 2063 1134 2113 ad
1164 2063 1314 2114 aulam
1348 2062 1558 2113 adhiberi
1599 2063 1799 2111 nondum

287 2150 557 2212 desiissent,
584 2155 751 2213 postea
769 2147 932 2196 Iuliani
957 2147 1246 2211 expeditioni
1277 2155 1438 2197 contra
1462 2147 1629 2197 Persas
1659 2147 1800 2195 inter-

287 2233 466 2295 fuisse,
507 2240 554 2280 ut
595 2233 702 2295 ipse
735 2231 766 2279 1.
787 2231 847 2280 Χ.
871 2246 912 2279 c.
937 2231 1019 2281 16.
1047 2232 1291 2296 perhibet,
1333 2232 1590 2296 scripsisse
1627 2240 1799 2293 autem,

287 2330 424 2380 quum
445 2315 660 2378 graviora
684 2329 832 2378 opera
855 2315 1035 2379 negligi
1064 2315 1364 2379 coepissent,
1403 2330 1712 2381 quaecunque
1741 2316 1800 2367 ad

287 2397 515 2447 Caesares
537 2413 698 2461 parum
725 2396 931 2446 eruditos
953 2397 1011 2445 de
1030 2414 1206 2447 summa
1223 2414 1379 2447 rerum
1396 2398 1707 2448 Romanarum
1733 2401 1798 2449 in-

286 2482 531 2530 struendos
554 2481 722 2530 idonea
740 2480 1024 2530 viderentur.
1066 2482 1374 2532 Christianum
1395 2497 1500 2532 eum
1522 2482 1651 2532 multi
1671 2482 1798 2532 fece·

285 2573 404 2628 runt,
426 2566 549 2627 ipse,
585 2566 794 2628 quamvis
822 2571 1008 2627 cautus,
1045 2579 1131 2613 nos
1155 2568 1306 2615 omnia
1327 2566 1417 2615 alia
1443 2566 1502 2614 de
1532 2581 1586 2615 se
1618 2568 1799 2631 opinari

288 2648 432 2696 iubet.
482 2646 702 2696 Edidisse
727 2647 937 2711 videtur,
977 2655 1197 2712 quantum
1225 2665 1284 2698 ex
1311 2650 1728 2713 hominis·ingenio
1752 2656 1800 2698 et

285 2729 481 2779 aliorum
495 2731 773 2779 testimoniis
792 2731 1005 2794 augurari
1029 2731 1158 2794 licet,
1174 2731 1322 2795 plura,
1347 2747 1483 2796 quam
1497 2747 1556 2781 ex
1567 2733 1797 2781 communi

293 2810 518 2862 literarum
539 2814 780 2877 naufragio
800 2813 857 2863 ad
875 2827 962 2863 nos
984 2822 1165 2863 servata
1184 2822 1304 2864 sunt.
1343 2815 1646 2879 Breviarium‚
1672 2815 1796 2880 quod
