2026 3238
357 150 422 203 76
928 154 1331 200 EUTROPll

273 301 312 333 P.
350 289 547 336 tranioni
575 289 843 352 imperium,
878 291 955 351 qui
983 302 1108 337 novo
1140 290 1456 353 inusitatoque
1475 305 1604 338 more
1632 304 1865 340 consensu

241 357 334 391 GN·
353 356 547 405 militum
564 357 806 422 deponere
824 360 1008 421 insigne
1029 357 1300 422 compulsus
1329 366 1416 407 est.
1477 359 1657 407 Romae
1677 373 1867 425 quoque

255 415 330 449 ³⁶⁰*
352 426 571 474 tumultus
591 427 694 488 fuit,
716 424 1304 490 Nepotian0,‘Constantini
1330 430 1507 476 sororis
1527 428 1642 491 filio,
1666 442 1751 492 per
1768 428 1867 492 gla-

350 495 591 544 diatoriam
611 511 793 544 manum
812 497 1058 559 imperium
1077 495 1342 544 invadente.
1378 496 1469 557 Qui
1487 498 1642 546 saevis
1661 497 1867 546 exordiis

349 564 538 628 dignum
559 566 731 613 exitum
754 572 917 614 nactus
945 572 1033 613 est.
1097 565 1341 629 Vigesimo
1373 568 1494 615 enim
1525 574 1667 631 atque
1697 575 1866 615 octavo

349 632 425 681 die
445 649 470 682 a
486 632 824 697 Magnentianis
844 633 1041 682 ducibus
1063 648 1324 698 oppressus
1342 649 1521 699 poenas
1538 635 1682 698 dedit,
1706 644 1866 700 caput·

349 718 441 766 que
465 704 567 750 eius
587 702 685 766 pilo
714 717 801 766 per
819 704 980 751 urbem
1007 703 1322 752 circumlatum
1339 713 1430 767 est,
1461 707 1864 769 gravissimaeque

350 773 724 835 proscriptiones
751 780 798 821 et
817 772 1042 821 nobilium
1062 772 1234 821 caedes
1254 773 1455 823 fuerunt.

263 862 306 895 p,
453 841 494 889 G
508 859 540 890 A
555 857 600 889 P.
620 840 727 890 XII.
784 840 891 890 Non
910 841 1053 890 multo
1081 849 1190 905 post
1208 841 1503 906 Magnentius
1522 843 1647 907 apud
1665 842 1866 892 Mul-sam

236 917 327 952 GN-
353 910 627 974 profligatus
656 912 759 959 acie
795 918 869 960 est
898 926 954 960 ac
990 926 1141 974 paene
1179 919 1386 975 captus.'
1414 911 1638 976 Ingentes
1669 912 1866 961 Romani

246 975 321 1009 ³⁵¹·
345 982 526 1044 imperii
547 981 674 1028 vires
695 995 750 1028 ea
771 980 1068 1029 dimicatione
1084 988 1389 1043 consumptae
1409 989 1532 1043 sunt,
1555 981 1613 1029 ad
1629 981 1869 1045 quaelibet

236 1032 314 1122 ΒΞ
346 1050 468 1098 bella
490 1057 682 1097 externa
707 1049 927 1110 idoneae,
965 1063 1086 1112 quae
1105 1049 1295 1097 multum
1315 1049 1651 1113 triumphorum
1671 1057 1868 1114 possent

251 1113 325 1179 351'
345 1120 714 1182 securitatisque
739 1118 976 1166 conferre.
1029 1117 1206 1166 Orienti
1230 1131 1341 1166 mox
1366 1133 1394 1168 a
1414 1117 1718 1168 Constantino
1749 1118 1866 1168 Cae·

261 1212 302 1244 p,
351 1203 427 1236 sar
453 1196 526 1235 est
552 1187 685 1236 datus
705 1188 855 1251 patrui
882 1187 1021 1250 filius,
1057 1185 1232 1236 Gallus,
1291 1186 1683 1252 Magnentiusque
1714 1189 1866 1237 diver·

233 1269 328 1304 c.N.
352 1259 418 1306 sis
451 1257 646 1320 proeliis
671 1259 825 1304 victus
856 1258 949 1305 vim
985 1258 1107 1305 vitae
1133 1273 1247 1305 suae
1276 1257 1399 1320 apud
1417 1257 1688 1321 Lugdunum
1718 1257 1867 1307 attulit

251 1325 325 1360 353·
351 1328 534 1390 imperii
554 1340 672 1374 anno
702 1328 870 1389 tertio,
910 1342 1073 1374 mense
1095 1328 1325 1389 septimO,
1362 1326 1506 1376 frater
1536 1339 1727 1391 quoque
1764 1327 1867 1375 eius

351 1396 569 1458 SenoniS,
594 1411 732 1459 quem
757 1395 815 1445 ad
839 1395 1033 1444 tuendas
1057 1395 1229 1444 Gallias
1256 1395 1506 1444 Caesarem
1524 1397 1728 1444 miserat.

453 1466 492 1514 C
508 1482 594 1514 Ar.
614 1463 743 1514 XIII.
791 1464 881 1513 Per
897 1466 1015 1513 haec
1034 1473 1245 1528 tempora
1266 1466 1403 1513 etiam
1423 1480 1450 1513 a
1463 1464 1734 1513 Constantio
1751 1463 1866 1513 mul·

262 1553 303 1586 P.
344 1536 405 1584 tis
426 1534 691 1583 incivilibus
709 1536 861 1597 gestis
885 1528 1044 1582 Gallus
1071 1533 1247 1582 Caesar
1269 1536 1458 1582 occisus
1480 1541 1578 1597 est,
1617 1535 1687 1582 vir
1706 1542 1865 1584 natura

235 1604 468 1653 c-N-ferus
491 1613 537 1652 et
557 1603 615 1652 ad
632 1603 922 1664 tyrannidem
945 1605 1154 1667 pronior,
1177 1604 1217 1651 si
1231 1616 1316 1651 suo
1337 1605 1438 1652 iure
1455 1605 1687 1667 imperare
1708 1603 1864 1652 licuis-

242 1667 320 1701 354·
341 1681 429 1722 set.
467 1674 683 1721 Silvanus
704 1687 897 1737 quoque
915 1673 963 1721 in
985 1671 1133 1722 Gallia
1150 1688 1228 1721 res
1247 1687 1394 1722 novas
1406 1673 1595 1722 molitus
1614 1680 1721 1722 ante
1743 1673 1864 1721 diem

245 1723 321 1758 ³⁵⁵·
342 1744 638 1807 trigesimum
670 1745 928 1790 exstinctus
949 1751 1049 1804 est,
1091 1740 1319 1806 solusque
1345 1743 1542 1806 imperio
1561 1742 1773 1791 Romano
1804 1756 1862 1790 eo

350 1820 567 1876 tempore
587 1810 886 1861 Constantius
913 1814 1132 1875 princeps
1153 1819 1199 1860 et
1217 1811 1456 1874 Augustus
1476 1812 1578 1860 fuit.

257 1896 299 1928 Ρ.
457 1882 497 1930 C
511 1898 598 1931 ΑΡ.
623 1880 748 1929 XIV.
791 1880 903 1929 Mox
928 1879 1153 1929 Iulianum
1181 1879 1432 1928 Caesarem
1451 1880 1509 1928 ad
1529 1879 1701 1929 Gallias
1721 1882 1861 1942 misit,

230 1952 320 1985 GN·
352 1951 609 2014 patruelem
630 1966 780 2013 suum,
815 1949 932 1999 Galli
961 1951 1177 2011 fratrem,
1213 1949 1378 1998 tradita
1400 1951 1443 1997 ei
1464 1951 1508 1997 in
1528 1950 1864 1998 matrimonium

245 2009 321 2042 ³⁵⁵·
347 2033 532 2081 sorore,
567 2035 671 2067 cum
695 2019 837 2067 multa
860 2019 1032 2082 oppida
1054 2019 1235 2067 barbari
1259 2026 1632 2082 expugnassent,
1673 2019 1761 2067 alia
1781 2020 1863 2067 ob-

344 2088 567 2150 siderent,
602 2089 776 2152 ubique
802 2088 943 2136 foeda
960 2089 1152 2136 vastitas
1174 2096 1319 2147 esset,
1341 2087 1694 2151 Romanumque
1717 2090 1863 2152 impe·

342 2159 459 2206 rium
479 2170 571 2205 non
592 2157 731 2206 dubia
750 2160 839 2206 iam
860 2156 1119 2205 calamitate
1137 2165 1334 2206 nutaret.
1385 2156 1427 2204 A
1448 2171 1542 2220 quo
1563 2157 1761 2205 modicis
1783 2172 1862 2205 co-

345 2229 435 2290 piis
456 2226 581 2290 apud
603 2226 983 2290 Argentoratum,
1009 2224 1187 2274 Galliae
1206 2226 1386 2287 urbem,
1416 2227 1631 2289 ingentes
1650 2225 1862 2275 Alaman-

257 2314 299 2348 Ρ.
343 2310 507 2345 norum
537 2298 706 2359 copiae
735 2298 995 2344 exstinctae
1032 2303 1163 2357 sunt,
1210 2311 1295 2343 rex
1323 2294 1642 2343 nobilissimus
1678 2302 1860 2359 captus,

227 2370 317 2403 GN·
342 2364 523 2414 Galliae
541 2368 801 2414 restitutae.
822 2364 966 2414 Multa
987 2372 1155 2428 postea
1166 2379 1253 2427 per
1273 2364 1470 2412 eundem
1483 2363 1705 2413 Iulianum
1727 2379 1862 2427 egre·

243 2426 319 2461 ³⁶⁷·
339 2436 418 2498 gie
441 2433 690 2483 adversum
713 2435 938 2485 barbaros
967 2441 1103 2498 gesta
1124 2441 1230 2482 sunt
1260 2435 1571 2498 summotique
1594 2433 1712 2482 ultra
1738 2433 1862 2482 Rhe-

342 2519 446 2551 num
486 2502 701 2553 Germani
741 2512 788 2552 et
823 2503 988 2552 finibus
1019 2504 1116 2550 suis
1153 2502 1410 2550 Romanum
1447 2504 1689 2566 imperium
1726 2505 1861 2551 resti·
1889 2550 1898 2557 ,

339 2580 501 2620 tutum.

444 2641 484 2689 C
498 2657 587 2691 ΛΡ.
606 2640 709 2689 XV.
745 2639 919 2704 Neque
938 2641 1081 2688 multo
1102 2647 1227 2703 post,
1251 2655 1354 2688 cum
1370 2638 1707 2689 Germaniciani
1728 2656 1859 2689 exer·

228 2684 319 2772 0¹35
340 2711 458 2757 citus
480 2725 506 2757 a
530 2708 783 2758 Galliarum
815 2708 1050 2772 praesidio
1072 2708 1371 2770 tollerentur,
1412 2723 1644 2758 consensu
1670 2709 1859 2757 militum

252 2795 325 2829 360.
347 2776 550 2827 Iulianus
581 2778 732 2827 factus
751 2779 992 2842 Augustus
1023 2785 1123 2839 est,
1156 2779 1498 2842 interiectoque
1524 2791 1642 2827 anno
1668 2777 1725 2826 ad
1751 2776 1858 2840 Illy-
