2026 3238
228 867 313 899 A.U.

230 923 304 956 603.

235 1831 326 1865 A.U.

242 1888 318 1921 604.

233 2098 325 2132 ΑΜ.

343 153 408 204 ’28
917 156 1270 203 EUTROPII

340 299 521 340 nerunt.
582 291 708 340 Inter
734 291 853 339 alios
882 293 1018 339 etiam
1053 293 1181 340 venit
1208 290 1391 339 Attalus
1421 298 1563 354 atque
1593 291 1848 356 Eumenes,

339 360 483 408 Asiae
507 375 667 423 regeS,
702 368 749 408 et
767 359 953 408 Prusias
972 359 1233 426 Bithyniae.
1267 358 1440 423 Magno
1460 360 1642 408 honore
1665 363 1850 426 accepti

340 437 446 477 sunt
471 437 519 478 et
546 431 843 493 permittente
865 437 1027 478 senatu
1048 429 1185 493 dona,
1220 444 1341 493 quae
1361 428 1624 491 attulerant,
1646 431 1692 478 in
1712 429 1850 494 Capi-

339 498 455 546 tolio
493 507 767 562 posuerunt.
835 498 1021 547 Prusias
1048 500 1186 548 etiam
1215 498 1356 547 filium
1386 507 1519 546 suum
1544 498 1850 548 Nicomedem

339 570 522 615 senatui
551 568 906 617 commendavit.

441 637 583 685 Car.
609 635 690 685 IX.
739 636 1011 700 Insequenti
1043 651 1162 684 anno
1188 636 1238 686 L.
1271 635 1516 685 Mummius
1550 638 1596 685 in
1627 636 1850 701 Hispania

339 707 459 754 bene
479 707 720 768 pugnavit.
768 705 1019 755 Marcellus
1057 713 1224 769 postea
1251 706 1415 754 consul
1444 721 1522 754 res
1548 705 1720 754 ibidem
1741 720 1848 770 pro-

339 789 480 838 spere
499 777 665 838 gessit.

444 844 585 893 Car,
606 844 666 892 X.
690 844 799 909 (V.)
850 843 1053 892 Tertium
1074 842 1243 892 deinde
1274 842 1447 892 bellum
1473 851 1634 892 contra
1660 843 1848 893 Cartha·

335 914 492 976 ginem
518 914 801 976 suscipitur,
847 914 1193 961 sexcentesimo
1231 920 1279 960 et
1309 912 1455 961 altero
1484 927 1603 961 anno
1640 914 1697 962 ab
1732 915 1849 962 urbe

341 981 552 1043 condita,
586 981 635 1030 L.
655 981 827 1030 Manlio
858 981 1119 1030 Censorino
1157 988 1204 1029 et
1223 981 1300 1029 Μ’.
1320 980 1509 1029 Manilio
1539 996 1695 1044 coss.,
1730 997 1849 1031 anno

339 1069 400 1099 m.
423 1059 547 1114 post,
571 1066 707 1114 quam
728 1051 983 1099 secundum
1003 1050 1225 1098 Punicum
1244 1049 1419 1098 bellum
1443 1058 1723 1099 transactum
1735 1059 1848 1101 erat.

337 1119 394 1167 Hi
419 1120 623 1182 profecti
649 1118 978 1183 Carthaginem
999 1126 1406 1182 oppugnaverunt.
1436 1117 1608 1168 Contra
1623 1134 1708 1168 eos
1732 1120 1848 1170 Has-

337 1188 515 1250 drubal,
540 1188 632 1236 dux
652 1187 1119 1252 Carthaginiensium,
1147 1187 1415 1237 dimicabat.-
1460 1187 1674 1251 Phamea‚
1691 1189 1784 1239 dux
1801 1205 1848 1239 a·

335 1258 451 1319 lius,
492 1259 715 1321 equitatui
759 1265 974 1322 praeerat
999 1256 1466 1320 Carthaginiensium.
1516 1258 1679 1321 Scipio
1718 1266 1845 1322 tunc,

336 1327 574 1390 Scipionis
611 1327 819 1375 Africani
859 1341 1039 1391 nepOS,
1083 1327 1292 1375 tribunus
1319 1327 1382 1374 ibi
1414 1326 1650 1377 militabat.
1701 1327 1848 1376 Huius

334 1395 457 1459 apud
476 1409 639 1444 omnes
658 1398 827 1460 ingens
846 1405 996 1445 metus
1019 1404 1067 1445 et
1097 1397 1360 1444 reverentia
1379 1404 1493 1444 erat.
1544 1395 1661 1445 Nam
1692 1405 1739 1445 et
1767 1412 1847 1460 pa·

333 1466 590 1514 ratissimus
628 1466 686 1514 ad
732 1465 1038 1514 dimicandum
1077 1473 1126 1514 et
1165 1464 1537 1514 consultissimus
1577 1466 1846 1516 habebatur.

332 1533 496 1599 Itaque
525 1549 610 1598 per
641 1550 745 1583 eum
771 1535 912 1584 multa
939 1550 1173 1599 prospere
1205 1550 1231 1583 a
1263 1534 1534 1582 consulibus
1555 1543 1691 1597 gesta
1722 1543 1845 1598 sunt,

332 1618 423 1651 nec
447 1603 697 1668 quidquam
729 1606 877 1668 magis
901 1604 978 1653 vel
1003 1603 1264 1653 Hasdrubal
1290 1603 1368 1651 vel
1396 1602 1595 1652 Phamea
1623 1605 1845 1666 vitabant,

333 1687 468 1736 quam
489 1681 647 1721 contra
668 1689 767 1722 eam
786 1674 1098 1722 Romanorum
1117 1681 1295 1736 partem
1309 1674 1617 1736 committere,
1646 1674 1724 1721 ubi
1745 1674 1846 1722 Sci·

333 1743 411 1804 pio
437 1742 701 1791 dimicabat.
1244 1739 1249 1742 ”

437 1810 477 1858 C
492 1827 579 1859 ΑΡ.
601 1810 683 1859 XI.
737 1810 827 1858 Per
860 1811 984 1858 idem
1009 1819 1196 1872 tempus
1215 1809 1488 1870 Masinissa,
1518 1825 1604 1858 rex
1628 1809 1842 1859 Numida·

331 1895 448 1942 rum,
470 1894 558 1943 per
574 1894 720 1928 annos
741 1881 983 1942 sexaginta
1001 1879 1104 1926 fere
1116 1879 1292 1926 amicus
1314 1877 1701 1940 populiRomani,
1724 1892 1844 1928 anno

331 1950 455 1997 vitae
480 1965 627 2002 xcvii.
656 1956 863 1996 mortuus
891 1963 1002 1996 κων
1022 1947 1129 1994 filiis
1159 1946 1337 1994 relictis
1365 1947 1639 2008 Scipionem
1669 1947 1843 1996 diviso-

330 2033 429 2065 rem
448 2019 580 2080 regni
607 2019 727 2065 inter
754 2016 874 2064 filios
902 2031 1012 2064 esse
1038 2017 1188 2063 iussit.

436 2086 476 2134 C
491 2103 524 2135 A
540 2103 583 2135 P.
605 2084 712 2134 XII.
755 2085 868 2133 Cum
889 2086 1030 2148 igitur
1057 2084 1231 2133 clarum
1251 2084 1487 2147 Scipionis
1504 2098 1675 2133 nomen
1694 2093 1842 2149 esset,

231 2154 508 2204 ffiiuvenis
537 2154 689 2204 adhuc
733 2153 898 2203 consul
937 2162 1010 2202 est
1043 2154 1195 2203 factus
1233 2161 1281 2201 et
1316 2161 1477 2202 contra
1515 2152 1842 2217 Carthaginem

232 2211 312 2247 606.

329 2226 517 2274 missus.
554 2223 601 2272 Is
623 2239 725 2273 eam
750 2225 876 2286 cepit
895 2237 951 2271 ac
972 2223 1125 2271 diruit.
1183 2222 1345 2285 Spolia
1374 2222 1439 2270 ibi
1469 2224 1682 2285 inventa,
1721 2239 1843 2287 quae

328 2295 556 2343 variarum
583 2295 818 2342 civitatum
838 2292 1035 2340 excidiis
1058 2291 1292 2355 Carthago
1315 2291 1601 2355 collegerat,
1642 2300 1690 2340 et
1709 2307 1842 2341 orna·

328 2370 482 2412 menta
508 2364 690 2411 urbium
719 2361 985 2415 civitatibus
1006 2361 1215 2423 Siciliae,
1246 2360 1432 2422 Italiae,
1466 2360 1657 2409 Africae
1685 2361 1840 2409 reddi·

329 2432 419 2495 dit,
457 2447 579 2497 quae
599 2447 683 2480 sua
699 2430 1124 2494 recognoscebant.
1176 2428 1246 2478 Ita
1265 2428 1499 2492 Carthago
1521 2431 1840 2492 septingente-

330 2503 449 2550 simo
469 2516 607 2563 anun,
633 2516 768 2564 quam
789 2499 974 2548 condita
994 2506 1116 2561 erat,
1153 2498 1307 2546 deleta
1327 2506 1415 2546 est.
1464 2499 1626 2561 Scipio
1652 2513 1838 2560 nomen,

330 2571 457 2635 quod
482 2586 596 2619 avus
623 2572 725 2618 eius
745 2575 1021 2632 acceperat,
1055 2569 1238 2630 meruit,
1261 2566 1447 2616 scilicet
1467 2575 1517 2616 ut
1535 2575 1731 2631 propter
1747 2569 1838 2616 vir·

325 2646 471 2687 tutem
494 2640 633 2687 etiam
655 2640 759 2701 ipse
777 2637 1025 2686 Africanus
1043 2638 1196 2685 iunior
1218 2644 1482 2686 vocaretur.

431 2707 514 2756 CA
529 2723 574 2756 P.
595 2706 724 2756 xln.
754 2706 886 2772 (VI.)
914 2707 1103 2755 Interim
1124 2708 1170 2754 in
1189 2705 1465 2756 Macedonia
1486 2706 1670 2771 quidam
1691 2705 1836 2752 Pseu-

326 2775 630 2840 dophilippus
660 2791 782 2825 arma
808 2778 975 2838 movit,
1008 2784 1055 2824 et
1072 2775 1328 2824 Romanum
1362 2784 1649 2839 praetorem,
1690 2773 1741 2822 P.
1762 2772 1833 2823 Iu·
