2026 3238
399 175 465 224 22
970 174 1339 220 EUTROPII

398 320 469 361 tes
492 311 539 359 in
559 310 841 360 deditionem
861 311 1209 373 accepit,xxv1
1231 311 1529 374 expugnavit.
1562 309 1630 358 lta
1650 312 1771 360 omni
1792 310 1909 360 Sici-

397 380 459 430 lia
478 387 687 444 recepta,
720 378 994 428 Macedonia
1017 379 1186 441 fracta,
1228 395 1332 427 cum
1351 380 1527 442 ingenti
1547 378 1698 443 gloria
1716 378 1911 429 Romam

283 445 327 481 A·
334 444 378 478 ⁰·
397 464 647 514 regressus
680 456 766 498 est.
818 447 1043 498 Hannibal
1076 451 1122 497 in
1148 447 1279 498 Italia
1313 446 1398 497 Cn.
1424 447 1638 497 Fulvium
1669 448 1909 498 consulem

301 500 376 534 ⁵⁴²
368 519 548 568 'subito
587 533 842 582 aggressus
877 532 980 566 cum
1015 525 1123 566 octo
1156 517 1341 567 milibus
1379 518 1614 567 hominum
1655 518 1909 567 interfecit.

499 589 639 640 CAP.
671 588 773 637 XV.
804 585 940 652 (IX.)
995 585 1178 636 Interea
1215 587 1273 637 ad
1302 587 1576 652 Hispanias,
1623 588 1701 636 ubi
1735 588 1911 636 occisis

394 657 576 706 duobus
605 656 908 721 Scipionibus
933 655 1085 704 nullus
1106 657 1342 706 Romanus
1379 657 1474 706 dux
1500 665 1623 720 erat,
1654 657 1703 705 P.
1733 655 1910 706 Corne-

283 750 371 787 ΑΜ,
393 727 482 775 lius
503 727 666 790 Scipio
685 728 892 788 mittitur,
927 725 1048 775 lilius
1066 725 1116 774 P.
1139 727 1404 791 Scipionis,
1439 729 1518 791 qui
1536 727 1710 775 ibidem
1735 726 1910 776 bellum
1990 765 1992 769 ,

292 807 367 839 ⁵⁴1-
392 803 632 861 gesserat,
670 811 814 846 annos
843 803 976 845 natus
1001 803 1198 860 quatuor
1217 804 1264 845 et
1282 797 1470 860 viginti,
1507 797 1578 844 vir
1595 797 1910 846 Romanorum

393 868 594 915 omnium
628 874 675 915 et
701 882 784 915 sua
812 872 966 916 aetate
995 874 1042 914 et
1064 868 1315 929 posteriori
1343 874 1559 930 tempore
1587 866 1690 915 fere
1716 868 1908 930 primus.

280 961 323 995 A
329 960 372 994 u
392 935 438 984 ls
462 935 788 999 Carthaginem
808 935 1059 999 Hispaniae
1081 937 1230 1000 capit,
1258 937 1304 984 in
1325 951 1415 1000 qua
1439 950 1575 984 omne
1594 951 1753 985 aurum
1774 943 1821 984 et
1839 950 1909 984 ar·

289 1016 366 1050 542.
390 1013 580 1070 gentum
616 1012 663 1053 et
697 1005 809 1054 belli
848 1013 1118 1068 apparatum
1152 1004 1254 1053 Afri
1291 1005 1548 1067 habebant,
1591 1004 1910 1053 nobilissimos

391 1090 581 1139 quoque
601 1075 815 1136 obsideS,
845 1087 965 1137 quos
992 1075 1049 1122 ab
1074 1074 1294 1137 Hispanis
1321 1081 1619 1137 acceperant.
1658 1072 1910 1138 Magonem

391 1145 557 1206 etiam,
598 1143 787 1192 fratrem
818 1143 1117 1206 HannibaliS,
1156 1142 1330 1192 ibidem
1360 1144 1510 1207 capit,
1555 1158 1695 1208 quem
1715 1142 1909 1192 Romam

391 1228 495 1262 cum
514 1212 620 1261 aliis
643 1214 795 1261 mittit.
834 1213 1015 1260 Romae
1041 1214 1208 1276 ingens
1227 1212 1402 1262 laetitia
1423 1220 1533 1276 post
1559 1213 1681 1262 hunc
1703 1214 1909 1261 nuntium

390 1283 492 1331 fuit.
531 1283 694 1346 Scipio
707 1281 1017 1346 Hispanorum
1029 1282 1221 1331 obsides
1236 1282 1504 1346 parentibus
1515 1281 1728 1331 reddidit.
1752 1281 1908 1342 Quare

392 1366 555 1400 omnes
581 1352 683 1400 fere
705 1352 960 1416 Hispaniae
980 1351 1037 1399 ad
1059 1366 1164 1400 eum
1183 1364 1277 1400 uno
1303 1352 1454 1400 animo
1476 1353 1772 1400 transierunt.
1796 1350 1909 1399 Post

391 1437 512 1486 quae
542 1421 905 1484 Hasdrubalem,
945 1420 1215 1469 Hannibalis
1241 1421 1456 1483 fratrem,
1491 1421 1664 1469 victum
1693 1420 1824 1483 fugat
1863 1427 1910 1468 et

391 1491 610 1555 praedam
635 1492 876 1540 maximam
897 1492 1039 1554 capit.

292 1573 385 1607 mu.
497 1561 639 1609 CAP.
672 1560 797 1609 XVl.
836 1558 1020 1608 Interea
1053 1561 1098 1607 in
1130 1559 1259 1608 Italia
1281 1558 1446 1608 consul
1473 1558 1531 1619 Q.
1560 1558 1732 1608 Fabius
1762 1556 1907 1608 Maxi·

292 1627 369 1664 ⁸⁴³·
389 1646 491 1679 mus
510 1629 757 1679 Tarentum
782 1631 990 1692 recepit,
1025 1631 1070 1677 in
1091 1645 1179 1693 qua
1201 1631 1417 1694 ingentes
1447 1630 1613 1692 copiae
1637 1626 1907 1678 Hannibalis

391 1707 534 1749 erant.
590 1698 660 1748 Ibi
697 1701 835 1748 etiam
871 1697 1037 1746 ducem
1062 1698 1329 1747 Hannibalis
1357 1696 1683 1747 Carthalonem
1713 1697 1904 1759 occidit,

387 1784 480 1818 xxv
500 1769 625 1817 milia
655 1770 945 1832 captivorum
971 1768 1194 1830 vendidit,
1237 1767 1454 1832 praedam
1474 1767 1696 1815 militibus
1724 1766 1901 1830 disper-

388 1839 516 1900 tivit,
558 1839 805 1902 pecuniam
835 1837 1071 1885 hominum
1103 1836 1397 1884 venditorum
1428 1836 1485 1884 ad
1523 1836 1686 1884 fiscum
1731 1836 1903 1884 retulit.

388 1906 504 1955 Tum
538 1907 709 1956 multae
743 1907 956 1955 civitates
986 1905 1326 1968 Romanorum,
1373 1920 1493 1969 quae
1522 1905 1578 1953 ad
1604 1904 1906 1954 Hannibalem

387 1978 682 2039 transierant,
709 1989 870 2024 rursus
890 1990 945 2024 se
965 1974 1109 2024 Fabio
1131 1973 1333 2024 Maximo
1361 1973 1654 2023 dediderunt.
1678 1974 1789 2040 (X.)
1832 1974 1904 2023 In-

387 2047 744 2109 sequentianno
766 2044 929 2108 Scipio
950 2046 996 2093 in
1016 2044 1238 2108 Hispania
1266 2045 1486 2109 egregias
1510 2059 1587 2093 res
1611 2045 1727 2107 egit,
1754 2051 1802 2092 et
1821 2058 1906 2108 per

387 2130 442 2163 se
470 2121 517 2163 et
549 2128 634 2178 per
669 2114 858 2163 fratrem
891 2129 1024 2162 suum
1043 2113 1093 2163 L.
1121 2114 1393 2177 Scipionem
1413 2130 1504 2163 Lxx
1533 2115 1746 2163 civitates
1771 2127 1903 2162 rece-

388 2184 471 2247 pit.
513 2182 583 2241 ,In
612 2182 743 2233 ltalia
781 2191 934 2232 tamen
962 2183 1083 2232 male
1113 2191 1365 2248 pugnatum
1402 2190 1490 2233 est.
1545 2182 1661 2231 Nam
1683 2181 1903 2232 Claudius

387 2251 638 2301 Marcellus
667 2253 832 2301 consul
853 2253 911 2303 ab
932 2250 1189 2302 Hannibale
1208 2255 1397 2301 occisus
1425 2259 1511 2301 est.

493 2322 532 2370 C
545 2339 577 2371 A
590 2339 634 2373 P.
654 2320 804 2371 XVII.
840 2320 999 2371 Tertio
1020 2337 1140 2371 anno
1165 2329 1293 2386 post,
1322 2337 1458 2387 quam
1478 2322 1640 2386 Scipio
1660 2322 1717 2371 ad
1738 2321 1902 2386 Hispa-

387 2393 506 2440 niam
529 2391 772 2455 profectus
798 2399 899 2453 est,
928 2407 1088 2440 rursus
1110 2406 1188 2439 res
1209 2391 1407 2441 inclutas
1427 2393 1564 2456 gerit.
1621 2391 1804 2455 Regem
1825 2390 1900 2439 Hi-

387 2462 649 2524 spaniarum
678 2474 846 2524 magno
879 2460 1063 2524 proelio
1101 2462 1273 2508 victum
1303 2463 1347 2508 in
1374 2462 1621 2510 amicitiam
1640 2462 1827 2524 accepit
1857 2468 1902 2509 et

389 2531 564 2594 primus
586 2531 787 2579 omnium
807 2545 833 2578 a
853 2532 981 2578 victo
999 2528 1194 2578 obsides
1213 2543 1306 2578 non
1326 2532 1563 2594 poposcit.

495 2599 640 2647 Car.
668 2597 839 2647 XVIII.
889 2599 1161 2663 Desperans
1197 2598 1421 2648 Hannibal
1459 2599 1705 2664 Hispanias
1740 2607 1899 2648 contra

389 2668 660 2731 Scipionem
698 2667 864 2716 ducem
901 2668 1071 2718 diutius
1108 2681 1252 2732 posse
1290 2670 1507 2732 retineri,
1546 2669 1732 2718 fratrem
1767 2683 1897 2717 suum

275 2767 367 2803 M,-
389 2735 723 2787 Hasdrubalem
750 2740 796 2786 in
820 2736 998 2787 ltaliam
1023 2752 1127 2786 cum
1149 2739 1363 2787 omnibus
1388 2740 1541 2803 copiis
1563 2737 1793 2788 evocavit.
1854 2736 1898 2786 Is

291 2824 365 2858 sos.
386 2808 580 2856 veniens
602 2807 769 2856 eodem
789 2808 972 2870 itinere,
994 2821 1087 2872 quo
1109 2809 1247 2856 etiam
1267 2806 1488 2857 Hannibal
1510 2814 1718 2869 venerat,
1740 2821 1767 2856 a
1788 2821 1897 2855 con·
