2026 3238
775 180 1003 226 LIBER
1047 182 1117 227 IX.
1637 176 1706 228 65

186 315 314 381 quod
338 315 715 380 Mogontiacum,
765 329 886 379 quae
914 315 1142 364 adversus
1172 330 1278 364 eum
1314 315 1628 365 rebellaverat
1657 315 1706 364 L.

184 384 382 435 Aeliano
402 400 481 434 ros
511 397 661 433 novas
680 383 923 445 moliente,
956 384 1261 448 diripiendam
1279 384 1502 433 militibus
1522 385 1708 434 tradere

184 449 431 504 noluisset.
481 452 596 503 Post
614 469 720 502 eum
741 451 915 502 Marius
929 490 942 515 ,
964 452 1220 503 vilissimus
1242 453 1423 518 opifex,
1456 469 1706 518 purpuram

183 525 371 588 accepit
396 530 444 573 et
463 522 679 577 secundo,
701 522 778 571 die
802 522 1077 572 interfectus
1102 531 1188 572 ost.
1243 523 1511 573 Victorinus
1539 531 1704 588 postea

186 592 435 643 Galliarum
462 593 649 656 accepit
677 591 921 657 imperium
939 630 952 655 ,
989 595 1062 642 vir
1085 594 1454 657 strenuissimus,
1483 593 1569 643 sed
1599 609 1701 642 cum

145 704 149 706 .
182 664 350 712 nimiae
379 661 584 712 libidinis
613 668 743 710 esset
772 669 820 711 et
860 664 1150 712 matrimonia
1177 662 1329 712 aliena
1358 671 1696 728 corrumperet,

181 732 472 797 Agrippinae
491 732 681 780 occisus
703 739 776 781 est
786 734 993 782 actuario
1015 732 1215 798 quodam
1233 733 1523 783 machinante
1543 732 1699 782 dolum

181 803 365 865 imperii
385 803 458 850 sui
477 813 598 851 anno
619 801 845 850 secundo,

286 872 363 920 CA
376 888 419 920 P.
456 870 515 922 X.
553 869 675 920 Huic
703 872 938 920 successit
966 870 1182 920 Tetricus
1202 881 1419 936 senator,
1458 875 1536 937 qui
1555 872 1700 937 Aqui·

178 942 349 990 taniam
367 941 547 990 honore
565 940 797 1005 praesidis
807 940 1128 991 administrans
1149 942 1320 991 absens
1340 958 1366 991 a
1386 942 1609 991 militibus
1619 945 1701 990 im-

179 1018 371 1075 perator
396 1010 577 1060 electus
597 1018 671 1060 est
688 1018 736 1059 et
759 1009 884 1075 apud
906 1009 1202 1075 Burdigalam
1215 1026 1465 1076 purpuram
1487 1012 1700 1076 sumpsit.

180 1080 448 1129 Seditiones
467 1081 634 1131 multas
660 1080 855 1129 militum
877 1079 1080 1144 pertulit.
1129 1080 1226 1129 Sed
1250 1081 1358 1130 dum
1383 1082 1501 1131 haec
1523 1083 1571 1130 in
1595 1080 1700 1130 Gal·

178 1149 242 1199 lia
260 1157 512 1215 geruntur,
543 1152 590 1199 in
615 1149 806 1199 Oriente
827 1164 914 1213 per
935 1149 1223 1199 Odenathum
1243 1150 1416 1200 Persae
1435 1153 1547 1200 victi
1576 1158 1696 1200 sunt.

178 1218 390 1269 Defensa
425 1220 583 1282 Syria,
622 1227 815 1284 recepta
845 1218 1201 1284 Mesopotamia.
1254 1220 1418 1286 Usque
1454 1221 1511 1271 ad
1543 1219 1695 1270 Ctesi·

178 1289 402 1352 phontem
420 1288 692 1338 Odenathus
712 1291 987 1353 penetravit.

286 1359 370 1408 CA
382 1375 427 1408 P.
461 1357 545 1408 XI.
599 1358 667 1408 Ita
696 1357 907 1409 Gallieno
935 1375 1034 1408 rem
1063 1361 1299 1425 publicam
1332 1361 1582 1410 deserente
1601 1360 1697 1409 Ro-

177 1443 360 1479 manum
387 1430 635 1493 imperium
661 1430 714 1476 'in
736 1428 996 1478 Occidente
1028 1446 1116 1494 per
1131 1430 1428 1494 Postumum,
1461 1445 1547 1494 per
1573 1430 1696 1479 Ode-

178 1499 368 1548 nathum
387 1499 434 1547 in
455 1497 648 1548 Oriente
668 1506 902 1548 servatum
923 1508 1010 1549 est.
1059 1500 1124 1563 (V
1126 1499 1236 1566 111.)
1265 1499 1501 1549 Gallienus
1520 1502 1697 1549 interea

177 1567 431 1617 Mediolani
461 1583 566 1617 cum
582 1567 832 1618 Valeriano
860 1568 1002 1618 fratre
1033 1570 1223 1619 occisus
1248 1578 1322 1618 est
1357 1571 1542 1634 imperii
1575 1584 1695 1619 anno

178 1652 320 1702 nono,
361 1636 682 1703 Claudiusque
706 1639 750 1686 ei
772 1640 1025 1702 successit,
1056 1639 1322 1688 amilitibus
1344 1639 1544 1703 electus,
1575 1655 1601 1688 a
1620 1655 1693 1688 se·
1736 1650 1779 1689 P.

176 1716 284 1757 natu
318 1707 580 1772 appellatus
611 1707 868 1772 Augustus.
902 1707 990 1757 Hic
1011 1706 1192 1758 Gothos
1211 1707 1449 1771 Illyricum
1473 1708 1692 1758 Macedo·
1713 1711 1798 1751 C-N*

175 1779 393 1845 uiamque
415 1785 654 1827 vastantes
673 1780 849 1841 ingenti
873 1777 1058 1842 proelio
1082 1780 1211 1828 vicit.
1242 1777 1416 1828 Parcus
1438 1780 1576 1827 virac
1594 1791 1693 1828 mo·
1712 1769 1786 1803 ²⁶⁸*

177 1847 339 1897 destus
370 1854 417 1896 et
443 1849 552 1896 iusti
583 1855 723 1896 tenax
749 1862 805 1895 ac
836 1849 906 1896 rei
940 1847 1160 1912 publicae
1197 1848 1435 1913 gerendae
1472 1847 1688 1911 idoneus,

177 1918 255 1982 qui
273 1924 428 1967 tamen
454 1918 571 1966 intra
599 1918 784 1981 imperii
814 1917 1053 1966 biennium
1075 1918 1239 1967 morbo
1267 1919 1441 1967 interiit
1474 1925 1521 1966 et
1543 1917 1691 1967 Divus
1736 1916 1777 1950 Ρ-

175 1986 439 2051 appellatus
459 1993 548 2035 est.
582 1987 782 2035 Senatus
801 1988 978 2051 ingenti
999 2002 1104 2035 eum
1118 1988 1298 2037 honore
1319 1987 1576 2050 decoravit,
1599 1989 1690 2036 sci·
1711 1971 1790 2063 ‘2³73

173 2055 287 2105 licet
313 2064 363 2105 ut
387 2058 433 2105 in
454 2057 582 2105 curia
601 2055 784 2120 clipeus
810 2057 903 2120 ipsi
921 2072 1116 2120 aureus,
1146 2058 1257 2106 item
1275 2059 1322 2106 in
1343 2055 1578 2121 Capitolio
1598 2065 1689 2106 sta-

173 2133 250 2176 tua
270 2142 412 2175 aurea
436 2133 708 2190 poneretur.

281 2197 422 2244 Car.
447 2193 555 2243 XII.
602 2193 853 2253 Quintillus
878 2202 989 2258 post
1010 2210 1144 2258 eum,
1184 2194 1364 2244 Claudii
1383 2195 1543 2258 frater,
1580 2209 1693 2245 con·
1778 2257 1788 2264 ·

174 2280 317 2314 sensu
344 2263 539 2312 militum
563 2265 820 2327 imperator
846 2262 1029 2312 electus
1058 2271 1156 2327 est,
1186 2266 1258 2312 vir
1284 2266 1450 2314 unicae
1479 2263 1692 2314 modera-

173 2336 317 2385 tionis
357 2341 405 2382 et
434 2331 696 2395 civilitatis,
738 2331 1010 2397 aequandus
1041 2333 1169 2382 fratri
1196 2333 1691 2397 vel-praeponendus.

174 2399 424 2454 Consensu
463 2409 653 2452 senatus
677 2401 944 2466 appellatus
982 2402 1226 2468 Augustus
1268 2404 1470 2467 septimo
1508 2402 1692 2453 decimo

174 2474 250 2523 die
274 2473 457 2538 imperii
477 2472 667 2521 occisus
692 2478 781 2520 est.

287 2543 430 2593 Gar.
449 2539 571 2590 XIII.
604 2540 740 2607 (IX.)
787 2540 899 2590 Post
930 2552 1036 2590 eum
1060 2541 1339 2591 Aurelianus
1368 2543 1581 2607 suscepit
1609 2545 1692 2593 im·

174 2614 370 2678 perium,
398 2611 547 2660 Dacia
565 2610 763 2675 Ripensi
783 2610 1022 2675 oriundus,
1043 2613 1116 2661 vir
1133 2613 1179 2661 in
1195 2611 1324 2661 bello
1346 2620 1533 2677 potenS,
1556 2616 1692 2663 animi

172 2690 325 2732 tamen
350 2680 587 2731 immodici
620 2688 668 2729 et
691 2680 751 2729 ad
781 2680 1101 2730 crudelitatem
1128 2682 1473 2747 propensioriS,
1514 2685 1690 2749 quique
1732 2701 1773 2734 P.

174 2751 355 2801 Gothos
392 2751 712 2799 strenuissime
747 2751 876 2799 vicit.
926 2750 1181 2801 Romanam
1209 2751 1443 2802 dicionem
1476 2753 1534 2802 ad
1573 2755 1691 2803 lines
1713 2758 1797 2792 GN·

177 2821 561 2919 pfigffigffmssaria
603 2818 831 2868 bellorum
870 2819 1096 2869 felicitate
1130 2823 1387 2871 revocavit.
1442 2822 1691 2886 Superavit
1720 2816 1795 2848 ²⁷¹·

457 2911 462 2916 ·
1432 2894 1461 2941 5
