2026 3238
759 189 975 234 LIBER
1009 190 1074 235 Vl.
1607 186 1673 238 41

158 325 271 375 Mox
295 323 507 374 Ituraeos
527 332 576 373 et
593 324 772 374 Arabas
791 323 919 371 vicit.
968 323 1028 372 Et
1049 338 1152 373 cum
1171 325 1384 373 venisset
1407 324 1452 372 in
1473 323 1672 387 Syriam,

159 394 441 456 Seleuciam,
463 395 662 443 vicinam
680 391 960 443 Antiochiae
980 394 1215 446 civitatem
1231 429 1246 455 ‚
1285 391 1501 441 libertate
1531 392 1673 442 dona·

156 466 240 526 vit,
264 463 389 528 quod
407 478 571 527 regem
591 462 822 526 Tigranen
843 475 936 511 non
955 465 1238 527 recepisset.
1273 460 1673 516 Antiochensibus

158 532 350 582 obsides
364 532 583 582 reddidit.
631 531 929 595 Aliquantum
955 546 1172 596 agrorum
1193 531 1558 595 Daphneusibus
1591 532 1672 584 de-

158 603 240 666 dit,
263 617 357 667 quo
375 602 510 651 lucus
532 601 596 650 ibi
615 601 870 664 spatiosior
889 601 1039 665 fieret,
1068 602 1328 657 delectatus
1346 600 1442 650 loci
1468 603 1671 653 amoeni-

156 679 249 722 tate
274 679 321 721 et
339 686 560 736 aquarum
588 669 881 721 abundantia.
939 670 1053 721 Inde
1082 671 1141 726 ad
1161 670 1379 728 Iudaeam
1410 679 1669 736 transgres-
1691 695 1767 728 M,

155 756 235 790 sus
261 739 604 803 Hierosolyma,
639 747 780 804 caput
803 742 978 804 gentis,
1003 743 1143 798 tertio
1161 756 1326 798 meme
1357 743 1514 805 cepit,
1553 741 1668 790 duo·
1688 750 1763 785 oso.

156 811 309 859 decim
327 809 515 865 ⁴milibus
534 808 813 860 Iudaeorum
843 812 1044 872 occisis,
1094 812 1268 865 cetenis
1295 811 1343 862 in
1368 810 1507 865 fldem
1530 826 1668 864 acce-

155 881 263 944 ptis.
310 879 393 928 His
412 881 562 944 gestis
586 881 632 929 in
649 878 809 932 Asiam
826 895 881 931 se
899 881 1083 943 recepit
1108 887 1156 931 et
1178 880 1318 934 finem
1343 882 1668 945 antiquissimo

153 949 279 999 bello
299 949 440 999 dedit.

257 1019 400 1068 GAP.
422 1019 524 1068 XV.
551 1017 704 1082 (XII.)
756 1018 821 1070 M.
857 1017 1012 1085 Tullio
1049 1018 1282 1069 Cicerone
1312 1026 1499 1076 oratore
1529 1026 1578 1068 et
1610 1017 1668 1071 C.

151 1088 356 1138 Antonio
376 1102 504 1137 coss.
532 1102 650 1138 anno
675 1088 734 1138 ab
754 1089 870 1140 urhe
899 1088 1086 1140 condita
1103 1103 1360 1142 nonum.
1398 1087 1448 1140 L.
1468 1088 1668 1151 Sergius
1686 1115 1777 1148 AM,

153 1157 376 1220 Catilina,
403 1157 682 1212 nobilissimi
709 1159 901 1222 generis
926 1160 1027 1221 vir,
1060 1157 1147 1212 sed
1174 1159 1350 1222 ingenii
1383 1158 1664 1221 pravissimi,
1680 1171 1759 1205 689.

150 1225 208 1277 ad
248 1226 491 1276 delendam
527 1228 719 1290 patriam
753 1229 1011 1279 coniumvit
1046 1242 1152 1283 cm
1185 1226 1487 1291 quibusdam,
1527 1226 1667 1278 claris

151 1296 368 1362 quidem,
409 1296 496 1345 sed
530 1296 784 1346 audacibus
810 1298 941 1347 viris.
987 1296 1030 1346 A
1051 1295 1282 1346 Cicerone
1300 1297 1419 1346 urbe
1438 1296 1664 1360 expulsus
1704 1340 1708 1344 .

150 1373 238 1417 est.
283 1366 413 1415 Socii
432 1367 534 1415 eius
554 1365 836 1430 deprehensi
855 1369 902 1415 in
929 1381 1120 1415 carcere
1140 1365 1411 1430 strangulati
1437 1374 1559 1422 sunt.
1591 1365 1665 1422 Ab
1684 1399 1773 1431 At„-

148 1436 371 1498 Antonio,
394 1435 541 1484 altero
563 1435 776 1498 consule,
801 1434 996 1488 Catilina
1014 1437 1121 1500 ipse
1139 1435 1325 1499 proelio
1350 1437 1503 1488 victus
1526 1442 1600 1484 est
1620 1443 1668 1483 et
1683 1454 1756 1488 690.

147 1505 439 1555 interfectus.

255 1573 771 1640 CAP.XV1.(X111.)
813 1575 1173 1626 Sexcentesimo
1202 1575 1510 1638 nonagesimo
1545 1588 1664 1627 anno
1686 1584 1727 1616 A·
1733 1583 1775 1615 U·

148 1646 206 1694 ab
230 1645 347 1694 urbe
370 1643 556 1694 condita
574 1643 635 1693 D.
658 1642 792 1694 lunio
813 1643 973 1695 Silano
993 1651 1042 1694 et
1063 1641 1115 1692 L.
1129 1642 1325 1696 limena
1348 1657 1476 1697 coss,
1496 1642 1665 1694 Metel·
1681 1639 1759 1673 ⁶⁹⁰·

147 1714 222 1766 lus
249 1714 308 1763 de
330 1713 470 1764 Creta
494 1714 818 1777 triumphavit,
855 1712 1108 1777 Pompeius
1138 1713 1199 1762 de
1224 1713 1354 1762 bello
1383 1714 1582 1776 piratico
1619 1699 1727 1786 ‘³²29
1731 1697 1775 1728 ⁰·

147 1783 479 1833 Mithridatico.
530 1782 668 1832 Nulla
692 1798 895 1847 uuquam
925 1797 1097 1847 pompa
1123 1782 1343 1846 triumphi
1362 1781 1529 1839 similis
1559 1752 1727 1831 fuit.69

146 1853 286 1903 Ducti
317 1860 425 1903 sunt
450 1860 559 1902 ante
587 1854 690 1907 eius
710 1867 895 1903 currum
921 1852 1001 1902 filii
1022 1851 1326 1916 MithridatiS,
1355 1851 1478 1903 filius
1502 1849 1663 1915 Tipa-

146 1925 217 1973 nis
251 1931 299 1972 et
322 1922 649 1985 Aristobulus,
688 1937 774 1981 rex
801 1921 1107 1983 Iudaeorum,
1148 1889 1356 1985 praelata
1391 1929 1464 1970 est
1498 1923 1664 1985 ingens

147 1994 364 2057 pecunia,
392 1994 492 2042 auri
517 2000 660 2057 atque
687 1992 871 2057 argenti
895 1991 1135 2047 infinitum.
1182 1989 1287 2039 Hoc
1321 1998 1536 2054 tempore
1564 1989 1664 2042 nul-

144 2062 239 2120 lum
257 2077 345 2126 per
363 2063 526 2111 orbem
543 2070 767 2112 terrarum
784 2076 931 2126 grave
949 2060 1123 2111 bellum
1148 2068 1264 2114 erat.

251 2132 394 2182 Gur.
413 2130 564 2181 XVII.
589 2131 768 2196 (XIV.)
812 2131 947 2182 Anno
971 2131 1100 2181 urbis
1129 2129 1349 2181 conditae
1371 2144 1574 2179 nexem.
1608 2126 1663 2179 C.
1684 2144 1776 2177 Asi.

145 2201 291 2251 Iulius
313 2200 510 2264 Caesar,
541 2202 621 2264 qui
647 2207 814 2263 postes
838 2200 1116 2262 imperavit,
1149 2213 1255 2252 oum
1278 2197 1329 2249 L.
1352 2197 1522 2248 Bibulo
1550 2212 1664 2247 con-
1682 2199 1758 2235 ⁶⁹3·

147 2270 220 2319 sul
242 2277 315 2319 est
331 2270 499 2318 factus.
554 2269 760 2318 Decreta
784 2276 856 2318 est
886 2270 931 2317 ei
956 2267 1105 2317 Gallia
1124 2275 1172 2319 et
1192 2266 1432 2329 Illyricum
1465 2281 1571 2317 cum
1594 2267 1661 2316 le-

146 2339 367 2405 gionibus
387 2338 570 2389 decem.
628 2337 675 2388 Is
697 2340 846 2401 primo
882 2339 996 2389 vicit
1017 2336 1291 2399 Helvetios,
1324 2338 1403 2401 qui
1430 2350 1554 2386 nunc
1577 2336 1662 2383 Se-

148 2410 293 2475 quani
306 2408 623 2473 appellantur,
661 2407 837 2458 deinde
864 2406 1098 2457 vincendo
1130 2421 1217 2471 per
1234 2405 1361 2455 bella
1386 2406 1663 2470 gravissima

147 2494 300 2543 usque
318 2478 376 2527 ad
396 2477 634 2527 Oceanum
661 2477 975 2529 Britannicum
994 2477 1247 2541 processit.
1294 2475 1487 2527 Domuit
1509 2482 1664 2525 autem

147 2551 279 2598 annis
304 2562 476 2597 novem
492 2548 595 2596 fere
625 2561 810 2597 omnem
837 2546 1056 2609 Galliam,
1090 2560 1211 2610 quae
1239 2546 1360 2594 inter
1378 2544 1546 2608 Alpes,
1579 2543 1663 2594 flu-

147 2633 254 2667 men
273 2617 563 2679 Rhodanum,
591 2616 805 2667 Rhenum
825 2624 874 2666 et
892 2615 1132 2667 Oceanum
1152 2622 1225 2666 est
1249 2622 1298 2664 et
1316 2616 1513 2670 circuitu
1538 2620 1666 2678 patet

148 2687 207 2736 ad
236 2688 309 2735 bis
342 2694 390 2735 et
428 2687 589 2736 tricies
619 2693 814 2736 centena
848 2685 974 2735 milia
1003 2699 1240 2749 passuum.
1294 2683 1525 2740 Britannis
1556 2697 1667 2734 mox
1686 2705 1776 2742 μ),

149 2756 323 2805 bellum
348 2756 516 2819 intulit,
552 2756 720 2820 quibus
741 2763 848 2807 ante
875 2770 982 2804 eum
1004 2770 1065 2803 ne
1094 2769 1264 2804 nomen
1283 2753 1473 2819 quidem
1496 2752 1667 2806 Roma·
1685 2762 1761 2798 ⁰⁹⁸·

150 2839 313 2875 norum
335 2827 572 2890 cognitum
592 2832 716 2887 erat,
755 2832 803 2873 et
823 2838 908 2873 eos
930 2838 1121 2888 quoque
1139 2825 1293 2872 victos
1317 2823 1560 2872 obsidibus
1586 2835 1664 2871 ac·
