2026 3238
487 716 805 771 PRAEFA'rlo
846 715 1110 771 Eumelus
1152 715 1404 771 Pmolus.

175 873 377 964 Quum,
415 898 543 964 quod
571 895 792 947 accidere
811 898 937 948 solet
964 898 1263 961 mortalibus,
1306 906 1355 946 ut
1378 897 1436 946 ad
1458 898 1594 946 finem
1620 898 1700 947 ali·

175 1001 315 1051 quem
342 1000 424 1034 sua
455 984 531 1033 via
559 981 923 1046 progredientes
950 997 1097 1047 saepe
1118 983 1365 1046 repentina
1391 995 1515 1030 voce
1546 982 1603 1031 ad
1636 980 1701 1030 di·

175 1085 363 1119 versum
391 1067 671 1118 curriculum
704 1074 985 1130 avocentur,
1026 1081 1221 1131 prorsus
1259 1067 1496 1130 insperata
1532 1064 1701 1113 Eutro-

177 1155 304 1218 pium
338 1152 555 1216 aliosque
588 1149 814 1214 deinceps
851 1152 1111 1214 scriptores
1138 1149 1377 1199 Romanos
1403 1148 1571 1198 edendi
1594 1162 1703 1212 pro-

176 1238 330 1286 vincia
361 1251 387 1285 a
416 1235 694 1296 Teubnero‚
737 1235 840 1282 viro
867 1236 1007 1282 unice
1031 1233 1289 1295 industrio,
1330 1233 1486 1282 subito
1519 1231 1699 1282 deman-

177 1320 280 1369 data
304 1321 414 1368 mihi
442 1319 611 1380 fuerit,
649 1316 765 1366 nihil
793 1316 919 1365 aliud
948 1318 996 1366 in
1022 1317 1316 1381 praefatione
1344 1316 1577 1381 agendum
1607 1318 1703 1366 exi·

177 1405 340 1466 stimo,
388 1418 525 1468 quam
550 1408 635 1464 ut,
665 1400 931 1464 significato
953 1402 1102 1450 omnis
1134 1401 1330 1450 instituti
1351 1400 1578 1463 consiliu,
1622 1399 1703 1449 ali-

178 1502 315 1551 quam
354 1485 705 1536 excusationem
745 1484 857 1533 mihi
895 1485 1158 1548 impetrem.
1215 1482 1268 1532 In
1297 1483 1548 1548 regendis„
1585 1499 1705 1548 quae

179 1570 338 1634 pueris
365 1570 708 1633 iuvenibusque
733 1574 893 1617 nostra
919 1575 1072 1617 aetate
1092 1576 1143 1617 ut
1166 1569 1353 1617 unicum
1384 1575 1546 1616 contra
1572 1574 1704 1616 tene-

178 1654 390 1702 brionum
430 1661 554 1702 artes
590 1651 875 1717 praesidium
904 1659 1151 1715 praestare
1178 1651 1321 1714 licet,
1357 1651 1595 1701 literarum
1625 1666 1704 1700 an·

178 1738 407 1800 tiquarum
446 1735 612 1785 studiis
651 1736 850 1799 primum
880 1737 1207 1799 magistrorum
1236 1735 1444 1784 officium
1469 1736 1563 1784 boc
1594 1750 1704 1784 esse

178 1818 388 1882 videtur,
420 1826 471 1868 ut
498 1818 733 1881 ordinem,
766 1831 861 1881 quo
887 1818 1112 1867 incedere
1145 1834 1232 1881 per
1263 1818 1341 1866 illa
1372 1833 1487 1867 suos
1522 1820 1702 1880 iubent,

178 1909 312 1951 recte
352 1909 400 1951 et
437 1902 734 1952 considerate
754 1905 1054 1965 constituant,
1074 1909 1188 1964 tum,
1211 1909 1261 1950 ut
1280 1901 1504 1965 subsidia,
1535 1903 1704 1966 quibus

179 1985 364 2035 levetur
389 1985 552 2050 labor,
594 2002 650 2036 ea
687 1986 931 2050 prudentia
963 1985 1292 2048 admetiantur,
1329 2000 1451 2050 quae
1485 1985 1702 2035 adiuvan-

180 2069 299 2133 dam,
329 2084 424 2119 non
444 2070 735 2119 eximendam
754 2070 847 2119 illis
868 2084 1059 2134 operam
1087 2084 1198 2118 esse
1217 2083 1409 2133 semper
1427 2070 1705 2119 meminerit.

179 2153 501 2218 Incipiendum
519 2154 664 2217 igitur
686 2168 713 2202 a
733 2154 1061 2218 scriptoribus,
1093 2154 1190 2218 qui,
1235 2154 1447 2217 quamvis
1466 2154 1703 2202 inferioris

182 2251 381 2300 census,
426 2238 639 2286 oratione
675 2244 830 2286 tamen
867 2245 914 2285 et
948 2244 1221 2300 argumento
1253 2236 1483 2284 tironibus
1521 2235 1703 2285 facilio-

179 2334 280 2369 rem
323 2319 709 2369 consuetudinem
750 2319 1030 2383 praebeant;
1076 2326 1172 2368 tum
1210 2319 1444 2368 editiones
1478 2320 1703 2369 exhiben-

181 2402 296 2465 dae,
358 2419 481 2468 quae
517 2410 736 2452 accurate
780 2401 1053 2467 exploratae
1089 2417 1246 2466 neque
1282 2403 1408 2452 vitiis
1445 2402 1699 2464 detineant,

180 2503 336 2552 neque
366 2487 761 2551 interpretationis
792 2486 920 2536 mole
959 2487 1155 2536 obruant
1186 2487 1404 2535 iuvenum
1431 2488 1617 2550 ingenia
1655 2492 1703 2534 et

181 2577 370 2634 praeter
387 2571 719 2619 necessitatem
738 2569 951 2634 fatigent.
973 2569 1141 2633 Neque
1152 2584 1273 2633 opus
1286 2577 1358 2618 est
1377 2572 1422 2620 in
1435 2585 1494 2619 eo
1506 2570 1701 2634 negotio

179 2653 336 2718 longis
357 2654 417 2703 de
445 2653 663 2703 lectionis
698 2655 896 2703 veritate
925 2653 1345 2717 disputationibus,
1383 2670 1504 2720 quae
1531 2654 1589 2703 ab
1616 2655 1700 2702 im-

180 2738 484 2801 peritioribus
518 2737 599 2785 vix
631 2738 898 2801 capiantur,
940 2740 1054 2789 viris
1090 2738 1286 2790 eruditis
1323 2754 1420 2789 nou
1448 2738 1696 2788 sufficiant.

179 2819 275 2868 Sed
322 2835 382 2869 ex
425 2835 510 2884 ea,
549 2835 671 2886 quae
708 2829 866 2884 parata
910 2837 1021 2872 esse
1057 2822 1227 2886 debet,
1273 2824 1412 2887 copia
1450 2820 1696 2887 deligenda
