2026 3238
251 325 290 359 Δ.
297 322 340 356 U.

258 380 336 416 275.

245 1229 337 1262 A.U.

260 1283 333 1318 m.

244 1438 335 1474 AJJ.

249 1493 323 1532 3⁰2.

241 2124 331 2161 ΑΛ).

244 2179 321 2218 21⁴1.

243 2687 332 2722 mu.

249 2743 314 2777 349

368 170 400 222 8
927 172 1331 219 EUTROPII

471 307 614 358 Gar.
643 306 768 358 XVI.
801 306 981 374 (XIV.)
1021 306 1238 358 Caesone
1266 307 1413 358 Fabio
1455 315 1502 358 et
1528 308 1633 358 Tito
1665 308 1876 373 Virginio

362 391 491 427 coss.
517 379 718 427 trecenti
743 377 930 426 nobiles
956 378 1189 440 homines,
1213 379 1291 442 qui
1312 393 1372 426 ex
1382 376 1528 427 Fabia
1543 377 1716 428 familia
1729 385 1874 442 erant,

362 455 524 496 contra
542 446 769 495 Veientes
788 446 964 495 bellum
983 446 1073 496 soli
1095 455 1426 511 susceperunt,
1452 449 1779 511 promittentes
1799 462 1875 496 se-

358 518 483 567 natui
504 523 552 565 et
569 515 750 581 populo
770 530 856 580 per
883 531 937 565 se
959 530 1098 566 omne
1118 524 1353 566 certamen
1374 517 1673 581 implendum.
1712 515 1877 581 Itaque

359 587 588 649 profecti,
619 600 781 634 omnes
805 585 994 635 nobiles
1024 587 1171 651 etqui
1204 586 1378 651 singuli
1396 601 1670 652 magnorum
1695 586 1875 636 exerci-

356 664 483 704 tuum
503 654 650 704 duces
675 669 786 703 esse
814 654 1067 718 deberent,
1094 657 1141 704 in
1173 655 1360 720 proelio
1389 657 1708 706 conciderunt.
1747 655 1876 704 Unus

356 726 542 774 omnino
559 724 791 788 superfuit
811 739 870 774 ex
882 733 1007 774 tanta
1019 724 1208 787 familia,
1232 727 1310 790 qui
1331 734 1526 791 propter
1543 733 1742 776 aetatem
1761 739 1872 789 pue-

354 794 488 843 rilem
509 794 616 843 duci
635 807 731 843 non
750 802 967 859 potuerat
992 795 1049 844 ad
1068 809 1287 859 pugnam.

461 864 609 914 Gar.
633 862 785 915 XVII.
822 862 935 914 Post
962 865 1082 914 haec
1104 878 1274 914 census
1304 866 1350 914 in
1378 866 1494 915 urbe
1522 866 1707 916 habitus
1728 872 1799 914 est
1828 871 1875 914 et

317 959 328 972 ·
353 936 541 984 inventa
568 940 674 983 sunt
703 934 874 983 civium
905 935 1059 999 capita
1086 951 1197 983 cxix
1216 934 1341 984 milia
1363 953 1554 986 cccxlx.
1593 934 1748 1002 (XV.)
1788 934 1873 982 Se·

355 1004 514 1068 quenti
544 1016 692 1064 anno,
726 1017 831 1052 cum
862 1005 909 1052 in
936 1002 1110 1067 Algido
1142 1012 1324 1066 monte,
1359 1005 1416 1054 ab
1447 1005 1564 1054 urbe
1593 1003 1875 1053 duodecimo

354 1074 501 1122 ferme
520 1072 718 1121 miliario
734 1110 748 1134 ,
778 1072 1018 1121 Romanus
1039 1073 1338 1121 obsideretur
1362 1075 1624 1136 exercituS,
1655 1072 1701 1121 L.
1729 1071 1872 1132 Quin-

353 1144 446 1191 tius
467 1139 768 1190 Cincinnatus
793 1141 994 1190 dictator
1013 1150 1087 1191 est
1105 1142 1275 1205 factuS,
1300 1145 1378 1207 qui
1400 1158 1563 1207 agrum
1584 1149 1781 1208 quatuor
1804 1143 1872 1190 iu-

351 1226 517 1275 gerum
538 1210 789 1275 possidens
808 1211 1019 1260 manibus
1050 1213 1148 1260 suis
1174 1211 1378 1262 colebat.
1434 1211 1480 1260 Is
1517 1227 1620 1260 cum
1650 1213 1696 1261 in
1724 1225 1875 1276 opere

355 1288 404 1330 et
423 1295 558 1330 arans
579 1288 709 1328 esset
726 1281 969 1343 inventus,
1006 1280 1181 1330 sudore
1198 1281 1388 1331 deterso
1408 1289 1567 1346 togam
1587 1287 1872 1346 praetextam

353 1350 543 1414 accepit
567 1356 613 1398 et
635 1351 787 1398 caesis
807 1350 1023 1399 hostibus
1043 1350 1261 1400 liberavit
1283 1353 1557 1401 exercitum.

460 1419 600 1472 GM»,
627 1417 800 1468 XVIII.
824 1418 1005 1486 (XVI.)
1041 1419 1177 1469 Anno
1206 1423 1541 1470 trecentesimo
1565 1428 1612 1469 et
1640 1421 1787 1470 altero
1815 1421 1873 1470 ab

353 1489 470 1538 urbe
496 1488 682 1537 condita
715 1490 962 1552 imperium
983 1490 1231 1555 consulare
1261 1492 1470 1540 cessavit
1496 1498 1544 1539 et
1571 1506 1656 1555 pro
1690 1490 1875 1539 duobus

355 1558 628 1608 consulibus
649 1557 816 1606 decem
836 1559 947 1607 facti
970 1567 1093 1622 sunt,
1126 1561 1205 1624 qui
1229 1575 1451 1610 summam
1484 1567 1768 1624 potestatem
1793 1561 1872 1608 ha-

352 1629 537 1691 berent,
561 1627 815 1676 decemviri
834 1630 1071 1679 nominati.
1136 1629 1232 1678 Sed
1270 1645 1374 1678 cum
1414 1631 1564 1693 primo
1595 1644 1716 1679 anno
1750 1631 1875 1679 bene

353 1699 583 1763 egissent,
613 1697 824 1746 secundo
855 1714 973 1747 unus
994 1714 1054 1748 ex
1076 1701 1152 1762 iis,
1175 1697 1361 1763 Appius
1389 1697 1638 1762 Claudius,
1674 1699 1875 1763 Virginii

357 1766 623 1829 cuiusdam,
664 1767 743 1830 qui
778 1768 990 1816 honestis
1018 1769 1109 1817 iam
1138 1768 1387 1832 stipendiis
1421 1776 1581 1816 contra
1605 1768 1796 1817 Latinos
1827 1769 1874 1816 in

353 1844 511 1885 monte
529 1835 704 1899 Algido
721 1836 962 1898 militabat,
986 1836 1125 1885 filiam
1142 1839 1372 1900 virginem
1393 1850 1694 1901 corrumpere
1705 1836 1871 1899 voluit,

356 1920 493 1970 quam
524 1911 658 1968 pater
688 1903 888 1966 occidit,
929 1920 989 1953 ne
1019 1913 1229 1969 stuprum
1251 1921 1277 1954 a
1299 1906 1567 1954 decemviro
1602 1908 1872 1969 sustineret,

355 1982 402 2023 et
419 1987 669 2038 regressus
689 1972 747 2022 ad
765 1973 963 2036 milites,
995 1976 1142 2023 movit
1163 1975 1418 2025 tumultum.
1469 1975 1661 2025 Sublata
1689 1984 1763 2025 est
1791 1975 1851 2024 de

355 2044 573 2092 cemviris
595 2049 807 2106 potestas
827 2044 1018 2107 ipsique
1047 2044 1245 2093 damnati
1271 2052 1393 2093 sunt.

445 2112 600 2161 ὉΑΡ.
626 2110 755 2160 ΧΙΧ.
769 2111 972 2178 (XVII.)
995 2112 1130 2163 Anno
1150 2115 1484 2163 trecentesimo
1507 2114 1689 2164 decimo
1711 2116 1871 2179 quinto

353 2183 411 2231 ab
435 2182 552 2231 urbe
578 2181 764 2230 condita
783 2181 1034 2231 Fidenates
1063 2190 1226 2232 contra
1242 2183 1481 2233 Romanos
1509 2184 1870 2234 rebellaverunt.

351 2250 588 2301 Auxilium
622 2251 695 2299 his
726 2252 1024 2314 praestabant
1050 2252 1276 2302 Veientes
1307 2261 1357 2301 et
1381 2269 1466 2302 rex
1497 2254 1760 2303 Veientium
1780 2252 1872 2302 To-

352 2321 571 2370 lumnius.
628 2319 762 2379 Quae
800 2321 965 2370 amhae
1005 2323 1220 2371 civitates
1261 2330 1354 2372 tam
1392 2324 1576 2373 vicinae
1615 2324 1718 2373 urbi
1746 2330 1870 2385 sunt,

353 2398 403 2438 ut
419 2390 628 2439 Fidenae
648 2396 802 2452 sexto,
815 2389 1044 2440 Veientes
1053 2407 1187 2440 xvm.
1205 2392 1403 2442 miliario
1415 2393 1584 2442 absint.
1607 2391 1872 2442 Coniunxe-

353 2467 457 2509 runt
477 2474 530 2508 se
550 2460 624 2508 his
643 2467 690 2508 et
713 2459 895 2509 Volsci.
951 2459 1047 2509 Sed
1078 2460 1315 2510 Mamerco
1336 2462 1537 2511 Aemilio
1569 2462 1798 2512 dictatore
1826 2469 1873 2510 et

351 2529 400 2579 L.
424 2528 614 2589 Quintio
640 2527 913 2578 Cincinnato
933 2531 1156 2594 magistro
1175 2533 1380 2595 equitum
1402 2532 1515 2580 victi
1547 2534 1686 2582 etiam
1708 2546 1872 2595 regem

354 2597 671 2661 perdiderunt.
725 2597 932 2648 Fidenae
955 2607 1123 2663 captae
1142 2608 1189 2649 et
1210 2602 1418 2650 excisae.

461 2667 602 2716 Gar.
622 2666 728 2717 XX.
757 2666 983 2734 (XVIII.)
1030 2668 1145 2718 Post
1170 2685 1235 2720 xx
1263 2670 1433 2720 deinde
1460 2685 1610 2721 annos
1626 2669 1870 2719 Veientani

354 2735 715 2786 rebellaverunt.
752 2735 968 2787 Dictator
988 2746 1148 2789 contra
1166 2741 1299 2804 ipsos
1318 2742 1491 2790 missus
1512 2748 1586 2789 est
1595 2739 1762 2789 Furius
1783 2736 1869 2786 Ca-

354 2803 525 2868 milluS,
544 2807 622 2870 qui
644 2807 838 2870 primum
859 2822 943 2856 eos
967 2810 1081 2857 vicit
1100 2810 1220 2872 acie,
1242 2823 1351 2859 mox
1375 2811 1513 2859 etiam
1534 2810 1768 2858 civitatem
1792 2807 1871 2856 diu
