2026 3238
221 1442 256 1473 C.
263 1441 307 1474 N.

240 1497 312 1531 364.

225 1909 314 1943 CN.

235 1965 305 1998 364.

320 177 386 229 78
693 179 1060 225 EUTROPII
1111 179 1349 223 LIBER
1405 180 1453 223 X.

318 316 439 363 tibus
464 316 632 362 notior.
684 313 774 373 Qui
801 316 889 362 iam
910 314 1102 362 turbatis
1122 314 1280 376 rebus,
1309 315 1517 362 exercitu
1547 328 1737 378 quoque
1762 315 1822 362 in-

320 386 430 448 opia
459 383 725 446 laborante,
767 397 856 431 uno
886 399 913 431 a
938 382 1092 431 Persis
1125 391 1265 447 atque
1291 382 1438 431 altero
1470 383 1650 446 proelio
1679 385 1828 432 victus

320 468 484 516 pacem
505 466 608 500 eum
629 453 811 515 Sapore
826 489 840 515 ,
880 454 1196 501 necessariam
1216 452 1427 516 quidem,
1468 452 1553 500 sed
1578 452 1830 517 ignobilem

320 524 460 584 fecit,
504 522 722 570 multatus
753 522 920 569 finibus
952 537 1007 570 ac
1031 521 1248 570 nonnulla
1276 522 1456 585 imperii
1476 520 1671 571 Romani
1701 529 1831 586 parte

322 591 499 640 tradita.
557 589 695 650 Quod
716 598 822 639 ante
854 606 960 638 eum
979 592 1109 639 annis
1142 590 1251 639 mile
1275 598 1459 640 centum
1488 599 1534 640 et
1561 591 1744 640 duobus
1774 591 1833 639 de

321 662 484 724 viginti
515 660 642 722 fere,
687 675 746 708 ex
777 674 869 723 quo
895 660 1151 708 Romanum
1179 661 1421 725 imperium
1454 661 1688 710 conditum
1717 668 1831 721 erat,

321 745 552 793 nunquam
572 729 755 778 accidit.
809 729 932 790 Quin
955 731 1090 778 etiam
1108 729 1325 793 legiones
1351 737 1538 779 nostrae
1563 732 1624 779 ita
1645 737 1691 779 et
1713 730 1834 793 apud

326 798 547 847 Caudium
570 813 654 862 per
678 797 891 847 Pontium
918 797 1186 847 Telesinum
1212 807 1258 848 et
1276 801 1323 848 in
1340 799 1561 865 Hispania
1590 799 1713 864 apud
1740 799 1834 848 Nu-

324 870 536 917 mantiam
556 870 665 917 etin
684 867 897 917 Numidia
927 869 1012 916 sub
1040 870 1198 932 iugum
1220 870 1391 918 missae
1413 876 1534 931 sunt,
1561 877 1610 918 ut
1632 869 1744 917 nihil
1770 876 1834 917 ta-

325 952 430 985 men
452 937 607 986 finium
628 937 903 986 traderetur.
957 937 1026 986 Ea
1052 939 1184 1000 pacis
1205 938 1420 986 condicio
1441 950 1534 986 non
1556 940 1737 1002 penitus
1763 953 1834 986 re·

326 1006 655 1070 prehendenda
692 1007 838 1069 foret,
884 1009 922 1054 si
958 1007 1164 1054 foederis
1196 1008 1544 1070 necessitatem,
1587 1021 1690 1055 eum
1720 1008 1836 1055 inte-

325 1091 457 1139 grum
483 1076 585 1137 fuit,
613 1082 788 1124 mutare
810 1076 1057 1138 voluisset,
1081 1077 1202 1124 sicut
1225 1091 1251 1124 a
1278 1075 1500 1125 Romanis
1521 1077 1734 1125 omnibus
1764 1076 1837 1124 his

327 1143 482 1207 bellis,
513 1159 634 1209 quae
655 1147 1031 1207 commemoravi,
1070 1144 1242 1193 factum
1270 1153 1358 1194 est.
1412 1144 1529 1195 Nam
1557 1153 1603 1194 et
1629 1146 1836 1194 Samniti-

328 1216 414 1264 bus
447 1223 493 1263 et
519 1214 807 1263 Numantinis
837 1222 884 1263 et
907 1213 1117 1263 Numidis
1150 1214 1398 1263 confestim
1424 1214 1548 1263 bella
1579 1215 1702 1264 illata
1735 1222 1838 1263 sunt

329 1299 482 1349 neque
518 1298 608 1347 pax
634 1291 730 1333 rata
759 1283 860 1333 fuit.
917 1283 1012 1332 Sed
1038 1283 1145 1331 dum
1173 1284 1402 1332 aemulum
1422 1285 1602 1348 imperii
1632 1291 1837 1346 veretur,

329 1356 443 1402 intra
463 1354 701 1402 Oriente-m
728 1353 967 1416 residenS,
1001 1352 1182 1418 gloriae
1203 1367 1361 1418 parurn
1382 1353 1629 1404 consuluit.
1676 1352 1836 1418 Itaque

327 1427 415 1471 iter
432 1426 676 1487 ingressus
698 1430 839 1488 atque
854 1421 1090 1485 Illyricum
1108 1429 1275 1486 petens
1294 1425 1340 1470 in
1354 1421 1559 1472 Galatiae
1578 1423 1745 1471 finibus
1764 1437 1837 1471 re-

332 1494 520 1556 pentina
539 1500 688 1541 morte
711 1493 827 1541 obiit
844 1493 916 1540 vir
933 1491 1047 1540 alias
1066 1506 1220 1555 neque
1240 1493 1365 1540 iners
1386 1507 1540 1556 neque
1557 1491 1836 1555 imprudens,

436 1562 476 1610 C
490 1579 578 1611 ΛΡ.
598 1560 770 1611 XVIII.
797 1560 927 1609 Multi
949 1562 1251 1609 exanimatum
1273 1562 1515 1624 opinantur
1534 1563 1671 1610 nimia
1692 1562 1839 1610 crudi-

332 1638 450 1693 tate,
482 1634 602 1680 inter
630 1631 918 1679 coenandum
946 1631 1067 1678 enim
1101 1629 1253 1694 epulis
1278 1630 1556 1694 indulserat,
1598 1631 1675 1679 alii
1696 1630 1841 1679 odore

334 1700 553 1763 cubiculi,
583 1699 709 1765 quod
727 1715 787 1748 ex
804 1701 982 1748 recenti
1001 1701 1201 1748 tectorio
1223 1699 1366 1748 calcis
1394 1716 1539 1764 grave
1560 1701 1840 1764 quiescenti-

332 1771 419 1818 bus
439 1778 552 1832 erat,
589 1769 773 1834 quidam
793 1771 1028 1818 nimietate
1047 1783 1320 1833 prunarum,
1358 1785 1473 1834 quas
1502 1772 1633 1833 gravi
1665 1770 1840 1834 frigore

333 1839 511 1888 adoleri
531 1839 695 1887 multas
722 1841 938 1887 iusserat.
991 1838 1213 1886 Decessit
1237 1840 1418 1901 imperii
1436 1853 1598 1887 mense
1619 1841 1838 1902 septim0,

334 1916 498 1973 quarto
525 1908 708 1957 decimo
731 1907 926 1957 Kalend.
948 1907 1166 1970 Martias,
1199 1908 1392 1966 aetatis,
1424 1914 1474 1956 ut
1499 1909 1577 1972 qui
1599 1908 1841 1972 plurimum

333 1994 387 2027 ac
412 1979 646 2027 minimum
665 1978 864 2038 tradunt,
891 1978 1030 2025 tertio
1051 1984 1098 2024 et
1121 1977 1362 2040 trigesimo
1383 1990 1501 2026 anno
1515 2014 1530 2038 ,
1556 1993 1612 2026 ac
1631 1979 1842 2042 benigni·

334 2055 428 2096 tate
460 2049 746 2110 principum,
784 2048 862 2110 qui
892 2048 935 2093 ei
965 2052 1314 2108 successerunt,
1353 2048 1472 2095 inter
1489 2046 1638 2095 Divos
1670 2047 1842 2095 relatus

334 2124 420 2164 est.
459 2115 574 2164 Nam
602 2123 648 2164 et
667 2115 874 2163 civilitati
903 2116 1096 2178 propior
1115 2122 1162 2162 et
1181 2122 1338 2163 natura
1362 2115 1608 2164 admodum
1637 2115 1842 2165 liberalis

334 2186 434 2234 fuit.
471 2185 583 2251 (X.)
612 2184 659 2233 Is
689 2192 834 2233 status
863 2190 961 2232 erat
990 2183 1227 2232 Romanae
1254 2184 1350 2246 rei,
1381 2182 1574 2233 Ioviano
1603 2183 1770 2232 eodem
1798 2192 1843 2232 et

334 2255 618 2304 Varroniano
646 2269 772 2303 coss.
801 2267 919 2303 anno
950 2253 1078 2302 urbis
1102 2251 1317 2301 conditae
1337 2252 1566 2302 milesimo
1589 2255 1842 2302 centesimo

334 2333 381 2374 et
398 2337 523 2373 nono
544 2323 743 2373 decime.
807 2322 927 2383 Quia
950 2329 1104 2371 autem
1133 2322 1191 2371 ad
1209 2321 1410 2371 inclutos
1439 2324 1674 2387 principes
1701 2337 1843 2371 vene-

334 2393 599 2458 randosque
620 2399 897 2458 perventum
918 2399 1007 2454 est,
1038 2393 1220 2440 interim
1240 2394 1375 2455 operi
1405 2392 1590 2440 modum
1618 2391 1841 2441 dabimus.

335 2463 451 2512 Nam
478 2463 661 2529 reliqua
686 2462 794 2512 stilo
825 2463 1000 2511 maiore
1021 2460 1217 2510 dicenda
1251 2468 1371 2510 sunt.
1430 2460 1562 2522 Quae
1593 2476 1715 2511 nunc
1750 2475 1843 2510 non

335 2541 425 2582 tam
447 2534 877 2597 praetermittimuS,
909 2546 1042 2594 quam
1063 2530 1121 2578 ad
1146 2531 1369 2579 maiorem
1389 2530 1622 2580 scribendi
1648 2530 1842 2595 diligen·

335 2603 442 2650 tiam
468 2617 778 2651 reservamus,

932 2746 1254 2753 m
