2026 3238
222 1772 315 1805 c.N.

222 1961 316 1995 GN,

238 2019 312 2052 305.

222 2132 314 2166 ΟΝ,

235 2190 311 2222 306.

219 2531 315 2565 GN.

232 2588 306 2620 306.

348 158 415 210 72
939 165 1338 211 EUTROPII

348 295 415 340 17.
446 299 641 340 Iovianus
658 300 879 353 posthunc
897 301 1122 353 imperator
1140 301 1312 349 electus,
1342 313 1426 341 uno
1447 306 1572 352 atque
1591 301 1720 343 altero
1738 313 1854 354 proe-

345 356 399 396 lio
437 367 463 396 a
496 356 635 397 Persis
666 356 800 398 victus
829 357 1058 411 ignobilem
1085 371 1180 399 cum
1204 358 1270 399 his
1297 369 1445 411 pacem
1484 357 1598 400 facit.
1654 357 1860 412 Illyricum

343 418 490 465 petens
528 414 745 467 repentina
780 420 913 456 morte
950 415 1036 455 obit
1049 445 1062 465 ‚
1101 415 1220 456 cuius
1251 415 1391 455 variae
1417 415 1637 455 traduntur
1665 427 1858 458 caussae·

343 468 512 510 Maioris
554 471 691 523 operis
721 470 773 511 de
809 483 1097 512 successorum
1128 473 1253 513 rebus
1284 472 1414 525 gestis
1447 471 1671 525 promissio
1701 473 1745 512 in
1779 472 1860 513 fine

343 527 589 567 annectitur.

447 582 586 631 CAP.
616 581 654 630 I.
695 582 779 630 His
805 584 947 646 igitur
973 583 1247 634 abeuntibus
1278 586 1335 634 ab
1358 585 1762 642 administratione
1789 585 1860 633 rei

345 651 563 715 publicae
585 650 883 700 Constantius
912 660 958 700 et
980 650 1193 702 Galerius
1218 653 1418 717 Augusti
1451 656 1594 703 creati
1615 661 1720 702 sunt
1745 653 1860 703 divi-

312 745 319 752 ·
344 736 521 785 susque
549 723 671 769 inter
701 735 786 769 eos
817 723 879 770 ita
910 721 1146 771 Romanus
1169 724 1323 785 orbis,
1360 731 1407 771 ut
1427 722 1636 785 Galliam,
1659 722 1856 785 Italiam,

343 791 547 839 Africam
569 788 895 853 ConstantiuS,
928 790 1191 856 Illyricum,
1225 793 1412 855 Asiam,
1451 791 1688 841 Orientem
1722 791 1858 841 Gale-

342 862 437 908 rius
467 861 728 922 obtineret,
764 863 959 924 sumptis
990 861 1173 911 duobus
1204 861 1502 911 Caesaribus,
1560 861 1860 911 Constantius

340 938 494 978 tamen
532 937 779 978 contentus
806 929 1028 993 dignitate
1065 931 1266 995 Augusti
1303 930 1465 979 Italiae
1500 940 1641 995 atque
1667 931 1859 980 Africae

340 999 729 1048 administrandae
765 999 1110 1048 solicitudinem
1145 1002 1410 1062 recusavit,
1462 1002 1535 1048 vir
1560 1001 1783 1063 egregius
1814 1007 1859 1050 et

341 1070 770 1134 praestantissimae
792 1068 1043 1131 civilitatis,
1067 1070 1239 1118 divitiis
1258 1068 1612 1134 provincialium
1631 1084 1686 1116 ac
1707 1071 1859 1132 priva-

339 1146 493 1186 torum
513 1138 722 1200 studenS,
749 1139 851 1186 fisci
873 1139 1115 1188 commoda
1134 1153 1229 1188 non
1246 1138 1492 1188 admodum
1512 1139 1734 1187 affectans
1747 1176 1761 1200 ,
1792 1137 1853 1187 di-

342 1222 570 1271 censque,
593 1209 771 1258 melius
782 1209 1023 1273 publicas
1047 1224 1169 1273 opes
1193 1226 1227 1259 a
1247 1211 1469 1274 privatis
1489 1209 1685 1269 haberi,
1707 1222 1859 1271 quam

338 1279 476 1327 intra
490 1293 642 1326 ‘cenum
665 1278 943 1327 claustrum
968 1281 1247 1341 reservari,
1269 1278 1389 1328 adeo
1410 1285 1563 1326 autem
1588 1277 1740 1325 cultus
1759 1291 1858 1325 mo-

340 1346 450 1408 dici,
491 1354 540 1394 ut
557 1346 736 1395 feriatis
757 1346 942 1409 diebuS,
975 1348 1140 1396 sicum
1167 1350 1329 1397 amicis
1351 1347 1753 1396 numerosioribus
1783 1362 1836 1395 es

340 1424 414 1465 set
442 1415 747 1480 epulandum,
789 1418 1074 1479 privatorum
1095 1420 1138 1466 ei
1160 1425 1354 1481 argento
1376 1418 1579 1465 ostiatim
1599 1418 1748 1480 petito
1778 1417 1858 1464 tri·

341 1484 478 1534 clinia
501 1492 833 1535 sternerentur.
872 1485 960 1534 Hic
978 1499 1071 1534 non
1090 1487 1230 1535 modo
1257 1486 1486 1547 amabilis,
1510 1485 1595 1534 sed
1617 1487 1755 1534 etiam
1773 1500 1855 1533 ve·

338 1555 562 1604 nerabilis
603 1553 748 1603 Gallis
787 1555 889 1617 fuit,
932 1558 1187 1620 praecipue
1220 1556 1345 1620 quod
1372 1555 1657 1604 Diocletiani
1689 1569 1856 1619 suspe-

338 1632 458 1673 ctam
478 1625 769 1688 prudentiam
806 1632 853 1672 et
881 1624 1143 1675 Maximiani
1181 1626 1520 1689 sanguinariam
1550 1627 1856 1674 temeritatem

336 1695 534 1757 imperio
557 1695 658 1742 eius
683 1702 942 1747 evaserant,
989 1694 1115 1744 Obiit
1134 1696 1180 1743 in
1199 1694 1430 1743 Britannia
1457 1693 1659 1743 Eboraci
1686 1694 1856 1758 princi·

338 1771 473 1827 patus
493 1778 612 1812 anno
631 1765 771 1811 tertio
793 1763 975 1812 decimo
998 1772 1139 1828 atque
1159 1767 1280 1814 inter
1295 1764 1446 1812 Divos
1464 1764 1638 1812 relatus
1659 1771 1748 1812 est.

443 1833 529 1882 CA
542 1849 587 1881 P.
610 1830 670 1882 11.
695 1831 924 1895 Galerius,
945 1836 1017 1882 vir
1036 1842 1084 1882 et
1100 1834 1251 1897 probe
1271 1841 1476 1881 moratus
1498 1840 1543 1880 et
1566 1834 1789 1896 egregius
1809 1833 1854 1881 in

337 1917 386 1950 re
406 1902 609 1963 militari,
631 1917 736 1950 cum
754 1901 931 1951 Italiam
950 1917 1140 1967 quoque
1163 1905 1345 1951 sinente
1365 1901 1637 1950 Constantio
1664 1902 1854 1950 admini-

338 1973 548 2021 strationi
573 1987 686 2020 suae
714 1974 983 2020 accessisse
1003 1974 1224 2034 sentiret,
1255 1969 1487 2021 Caesares
1519 1971 1638 2021 duos
1658 1972 1852 2034 creavit,

335 2040 650 2103 Maximinum,
683 2056 822 2103 quem
843 2040 1022 2089 Orienti
1043 2042 1290 2106 praefecit,
1315 2049 1362 2090 et
1379 2041 1633 2104 Severum,
1673 2043 1746 2089 cui
1764 2039 1852 2090 Ita·

335 2109 442 2158 liam
461 2109 604 2159 dedit.
653 2108 765 2173 Ipse
786 2112 831 2158 in
850 2109 1039 2172 Illyrico
1064 2119 1376 2160 commoratus
1402 2118 1491 2159 est.
1534 2110 1708 2160 Verum
1729 2109 1852 2159 Con-

335 2180 503 2228 stantio
542 2187 727 2228 mortuo
768 2178 1119 2243 Constantinus,
1170 2196 1229 2229 ex
1261 2180 1522 2229 obscuriori
1560 2181 1851 2228 matrimonio

336 2250 437 2297 eius
458 2249 598 2312 filius,
633 2251 679 2297 in
707 2248 940 2298 Britannia
965 2258 1149 2298 creatus
1177 2257 1251 2299 est
1278 2252 1532 2314 imperator
1559 2257 1606 2297 et
1631 2251 1678 2297 in
1697 2249 1848 2298 locum

334 2320 478 2382 patris
500 2319 881 2382 exoptatissimus
900 2319 1169 2368 moderator
1199 2321 1417 2368 accessit.
1472 2319 1652 2367 Romae
1673 2320 1849 2368 interea

335 2390 617 2451 praetoriani
647 2391 850 2437 excitato
884 2388 1078 2437 tumultu
1105 2388 1415 2451 Maxentium,
1449 2388 1656 2437 Herculii
1689 2388 1847 2450 filium,

334 2459 413 2522 qui
445 2458 568 2507 haud
598 2458 767 2522 procul
795 2458 851 2506 ab
871 2459 987 2506 urbe
1011 2461 1057 2505 in
1083 2458 1193 2507 villa
1219 2458 1407 2522 publica
1434 2458 1722 2520 morabatur,
1754 2456 1846 2506 Au·

331 2535 518 2590 gustum
542 2535 936 2591 nuncupaverunt.
977 2527 1082 2586 Quo
1101 2531 1262 2576 nuntio
1280 2527 1583 2577 Maximianus
1603 2527 1849 2575 Herculius

333 2596 390 2645 ad
411 2611 543 2660 spem
570 2604 778 2644 arrectus
797 2596 1064 2644 resumendi
1085 2598 1290 2661 fastigii,
1309 2597 1455 2661 'quod
1482 2599 1652 2645 invitus
1680 2598 1847 2645 amise-

333 2674 419 2727 rat,
438 2666 633 2714 Romam
653 2665 887 2716 advolavit
908 2664 1163 2729 eLucania,
1190 2682 1327 2730 quam
1347 2666 1508 2715 sedem
1525 2669 1730 2730 privatus
1750 2665 1846 2712 ele-

331 2742 481 2798 gerat,
512 2736 558 2782 in
578 2736 703 2798 agris
724 2736 1064 2784 amoenissimis
1088 2750 1456 2798 consenescens,
1482 2735 1845 2784 Diocletianum·

335 2818 428 2868 que
453 2804 589 2852 etiam
610 2818 694 2867 per
712 2804 868 2852 literas
890 2804 1157 2853 adhortatus
1178 2813 1267 2868 est,
1290 2814 1339 2854 ut
1360 2806 1621 2869 depositam
1640 2819 1843 2853 resume*
