2026 3238
15 2980 35 3238 *carru-:ortes-
17 2954 29 2972 ο·
18 2942 20 2946 ’
19 2880 30 2932 esur
20 2848 27 2866 ν,
19 2822 26 2836 e
22 2792 30 2809 .-
18 2773 24 2783 ⁴

737 157 979 204 LIBER
1021 158 1101 202 Vll.
1608 151 1674 203 47

272 295 415 345 ΟΔΡ.
440 293 497 342 V.
551 292 624 342 Eo
653 300 868 356 tempore
897 292 959 340 M.
990 291 1202 355 Agrippa
1238 292 1284 339 in
1302 290 1551 355 Aquitania
1579 306 1678 340 rem
1693 311 1773 344 au

163 377 398 429 prospere
418 364 586 428 gessit.
639 361 699 412 Et
727 360 779 411 L.
808 360 1053 410 Ventidius
1084 360 1260 410 Bassus
1285 361 1596 426 irrumpentes
1631 363 1677 410 in
1702 366 1779 401 ’115λ

164 435 347 497 Syriam
365 432 534 482 Persas
553 432 701 482 tribus
721 430 917 496 proeliis
938 432 1066 480 vicit.
1122 429 1367 494 Pacorum,
1409 432 1538 495 regis
1559 428 1675 479 Oro·
1693 425 1786 514 ⁴7⁵¹}

163 502 234 552 dis
262 502 420 566 fllium,
443 501 681 551 interfecit
700 514 760 551 co
780 502 887 565 ipso
909 500 1003 563 die,
1036 514 1129 565 quo
1152 499 1260 549 olIm
1286 499 1490 564 Orodes,
1511 499 1676 550 Persa·
1759 509 1765 515 '

160 589 260 621 rum
291 587 401 634 rex,
449 586 536 635 per
572 570 736 620 ducem
761 571 985 620 Surenam
1017 568 1237 620 Crassum
1266 569 1521 630 occiderat.
1590 569 1678 618 Hic

161 644 337 706 primus
357 641 416 690 de
443 639 622 690 Parthis
647 641 950 689 iustissimum
977 640 1256 704 triumphum
1278 639 1460 691 Romae
1480 642 1595 704 egit.

261 710 403 761 Gal».
426 708 507 758 VI.
555 709 743 760 Interim
779 709 1032 774 Pompeius
1072 725 1237 774 pacem
1273 712 1398 774 rupit
1438 718 1486 759 et
1526 708 1676 760 navali
1691 727 1783 760 Α.υ.

157 779 344 844 proelio
363 781 515 829 victus
541 779 730 844 fugiens
750 779 808 829 ad
829 780 988 828 Asiam
1008 779 1285 828 interfectus
1307 787 1395 829 est.
1418 778 1553 845 (IV.)
1580 778 1675 828 An·
1691 784 1769 818 ⁷¹⁴·

158 850 330 914 tonius,
353 850 433 914 qui
451 847 612 898 Asiam
633 848 966 914 orientemque
986 849 1201 911 tenebat,
1239 849 1485 913 repudiata
1509 862 1676 902 sorore
1693 841 1780 932 ‘kg-

156 917 375 972 Caesaris
387 918 588 983 Augusti
601 918 862 983 Octaviani,
886 917 1203 983 Cleopatram,
1223 921 1433 983 reginam
1446 917 1671 982 Aegypti,
1699 901 1736 932 ⁷¹
1764 924 1773 933 ’

159 987 286 1038 duxit
314 1002 524 1038 uxorem.
581 987 755 1038 Contra
782 987 950 1038 Persas
976 990 1083 1053 ipse
1113 990 1251 1037 etiam
1277 990 1516 1052 pugnavit.
1578 986 1672 1036 Pri·
1690 989 1781 1021 MJ-

153 1059 243 1107 mis
262 1072 350 1107 eos
379 1057 573 1123 proeliis
591 1059 722 1121 vicit,
760 1057 1038 1122 regrediens
1063 1065 1219 1107 tamen
1237 1057 1361 1106 fame
1380 1065 1427 1106 et
1448 1057 1672 1121 pestilen-
1705 1045 1779 1079 ⁷¹⁶·

153 1130 216 1176 tia
242 1127 472 1177 laboravit
494 1135 566 1191 et,
609 1143 712 1177 cum
746 1129 969 1177 instarent
992 1127 1144 1177 Parthi
1179 1127 1405 1191 fugienti,
1446 1128 1553 1191 ipse
1584 1140 1672 1191 pro

156 1199 282 1246 victo
307 1199 525 1246 recessit.

259 1266 400 1316 Gn.
421 1265 524 1314 VII.
577 1266 665 1315 Hic
690 1282 880 1332 quoque
909 1269 1076 1331 ingens
1094 1267 1270 1316 bellum
1299 1267 1442 1315 civile
1467 1280 1671 1316 commo·
1689 1294 1779 1327 ML

150 1338 216 1385 vit
236 1344 440 1400 cogente
460 1351 607 1385 uxore
629 1335 907 1401 Cleopatra,
948 1338 1110 1401 regina
1129 1336 1364 1401 Aegypti,
1404 1336 1509 1385 dum
1542 1336 1671 1400 cupi·
1689 1351 1763 1384 τωο.

151 1405 295 1454 ditate
319 1404 533 1455 muliebri
556 1413 686 1470 optat
707 1408 845 1456 etiam
866 1408 911 1455 in
931 1407 1046 1455 urbe
1070 1422 1285 1471 regnare.
1334 1406 1499 1455 Victus
1519 1413 1591 1454 est
1610 1406 1667 1454 ab
1687 1408 1764 1441 ‘ss'

150 1475 364 1539 Augusto
384 1475 535 1524 navali
554 1490 712 1540 pugna
732 1476 856 1526 clara
878 1483 925 1524 et
943 1475 1111 1525 illustri
1131 1476 1252 1540 apud
1273 1476 1476 1539 Actium,
1500 1477 1578 1540 qui
1598 1475 1667 1524 lo·
1685 1465 1761 1499 ⁷²¹·

151 1545 301 1594 cusin
320 1543 466 1609 Epiro
491 1553 590 1609 est,
629 1561 690 1595 ex
708 1561 799 1611 qua
829 1546 949 1610 fugit
973 1547 1019 1594 in
1042 1546 1315 1610 Aegyptum
1340 1553 1386 1594 et
1406 1545 1668 1610 desperatis

148 1614 319 1678 rebus,
354 1629 460 1663 cum
478 1627 643 1664 omnes
663 1614 721 1665 ad
738 1614 1002 1679 Augustum
1021 1618 1288 1679 transirent,
1318 1616 1425 1679 ipse
1450 1630 1504 1665 se
1525 1617 1666 1665 inter-

149 1685 276 1733 emit.
322 1682 574 1749 Cleopatra
606 1685 697 1734 sibi
718 1683 931 1749 aspidem
949 1683 1132 1734 admisit
1162 1692 1209 1734 et
1236 1699 1422 1734 veneno
1452 1687 1555 1735 eius
1586 1700 1666 1734 ex·

147 1754 316 1802 stincta
340 1762 429 1802 est.
483 1753 732 1819 Aegyptus
758 1769 844 1818 per
863 1753 1167 1804 Octavianum
1182 1754 1447 1819 Augustum
1466 1756 1666 1818 imperio

146 1822 360 1872 Romano
380 1822 564 1873 adiecta
590 1831 663 1873 est
683 1824 1078 1889 praepositusque
1108 1826 1152 1873 ei
1178 1823 1268 1875 Cn.
1287 1823 1538 1873 Cornelius
1560 1821 1664 1874 Gal-

146 1891 236 1941 lus.
271 1891 407 1942 Hunc
426 1894 625 1957 primum
641 1892 892 1958 Aegyptus
906 1892 1163 1943 Romanum
1184 1893 1387 1943 iudicem
1406 1894 1582 1943 habuit.

252 1962 295 2011 C
309 1979 342 2012 A
355 1979 400 2012 Ρ.
438 1961 566 2012 VIII.
615 1961 684 2013 lta
702 1962 842 2013 bellis
867 1970 967 2012 toto
990 1962 1106 2012 orbe
1126 1964 1361 2014 confectis
1382 1961 1664 2013 Octavianus
1682 1979 1762 2013 A.u

143 2032 387 2096 Augustus
403 2031 599 2083 Romam
616 2032 771 2096 rediit,
791 2048 878 2084 x-11.
897 2047 1035 2097 anne,
1058 2048 1193 2098 quam
1215 2030 1380 2082 consul
1401 2032 1568 2082 fuerat.
1592 2031 1666 2081 Ex
1692 2036 1765 2071 ⁷2³-

147 2116 205 2151 eo
234 2117 334 2152 rem
363 2102 598 2167 publicam
624 2117 710 2167 per
736 2101 1039 2168 quadraginta
1067 2109 1115 2152 et
1143 2110 1341 2168 quatuor
1367 2116 1512 2152 annos
1532 2102 1664 2152 solus

146 2171 359 2222 obtinuit.
397 2171 520 2222 Ante
541 2173 663 2222 enim
682 2188 748 2221 xu
765 2173 1016 2238 annislcum
1034 2171 1241 2222 Antonio
1263 2171 1503 2236 etLepido
1530 2180 1662 2222 tenu-

146 2247 262 2289 erat.
299 2238 371 2291 Ita
395 2241 452 2291 ab
473 2242 603 2291 initio
626 2242 912 2305 principatus
933 2242 1035 2290 eius
1055 2255 1206 2306 usque
1225 2239 1284 2290 ad
1303 2241 1439 2291 linem
1459 2257 1538 2292 nvr
1557 2244 1662 2291 anni

144 2310 295 2359 fuere.
344 2308 455 2376 (V.)
492 2308 619 2360 Obiit
648 2317 800 2360 autem
837 2326 995 2360 num.
1026 2325 1145 2362 anno
1172 2317 1323 2359 morte
1350 2312 1580 2361 communi
1615 2312 1661 2360 in
1678 2327 1760 2366 My

146 2378 324 2444 oppido
351 2377 634 2445 Campaniae
651 2378 822 2430 Atella.
861 2380 1042 2431 Romae
1061 2381 1108 2430 in
1130 2395 1295 2446 campo
1314 2380 1479 2430 Martio
1501 2381 1659 2445 sepul·
1677 2389 1755 2426 ⁷65.

143 2457 218 2498 tus
244 2455 342 2513 est,
371 2451 460 2513 vir,
484 2451 563 2515 qui
586 2464 680 2500 non
698 2451 927 2500 immerito
954 2465 1014 2501 ex
1028 2451 1226 2501 maxima
1254 2458 1387 2515 parte
1404 2450 1511 2500 Deo
1532 2451 1656 2499 simi·

143 2518 201 2567 lis
228 2525 302 2568 est
325 2525 528 2583 putatuS.
583 2518 753 2586 Neque
782 2521 903 2570 enim
937 2520 1079 2571 facile
1100 2519 1222 2570 ullus
1253 2535 1312 2570 eo
1341 2527 1419 2570 aut
1444 2522 1490 2586 in
1518 2518 1656 2570 bellis

143 2587 332 2638 felicior
349 2587 437 2638 fuit
455 2596 532 2639 aut
550 2590 597 2639 in
613 2603 733 2655 pace
752 2589 1052 2640 moderatior.
1090 2606 1201 2641 κων
1219 2593 1368 2655 annis,
1390 2590 1559 2656 quibus
1579 2605 1654 2639 so·

142 2657 216 2707 lus
239 2659 391 2722 gessit
409 2659 669 2724 imperium,
699 2659 971 2711 civilissime
992 2661 1125 2725 vixit,
1144 2662 1191 2711 in
1212 2667 1407 2711 cunctos
1426 2659 1654 2710 liberalis-

144 2728 305 2791 simus,
331 2729 377 2777 in
395 2729 574 2778 amicos
596 2728 865 2793 fidissimus,
888 2745 1007 2795 quos
1031 2731 1168 2780 tantis
1200 2732 1356 2781 evexit
1378 2730 1652 2791 honoribus,

145 2803 193 2845 ut
211 2811 364 2861 paene
383 2804 606 2863 aequaret
626 2798 816 2864 fastigio
838 2814 942 2849 suo.
