2026 3238
228 1866 317 1901 c.N.

242 1922 317 1958 286.

225 2538 316 2626 CPN.

230 2648 305 2683 286.

349 192 416 242 68
926 194 1287 241 EUTROPII

349 332 455 378 thos
476 330 782 393 proficiscens
795 330 941 380 Carus
953 332 999 379 in
1018 329 1227 392 Illyrico,
1252 328 1414 390 Gallia,
1437 326 1567 377 Italia
1585 328 1855 394 reliquerat,

350 400 564 447 omnibus
585 414 638 447 se
657 400 919 448 sceleribus
938 401 1208 463 inquinavit.
1253 397 1479 446 Plurimos
1499 398 1716 448 innoxios
1737 399 1857 448 fictis

346 469 614 517 criminibus
633 469 823 518 occidit.
882 468 1171 517 Matrimonia
1198 467 1373 516 nobilia
1394 469 1616 531 corrupit.
1660 466 1857 517 Condis=

345 537 514 606 cipulis
535 553 749 603 quoque,
792 539 870 619 qni
897 554 1002 586 eum
1034 539 1080 586 in
1103 537 1334 586 auditorio
1355 536 1431 584 vel
1459 536 1553 585 levi
1584 537 1858 601 fatigatione

343 614 628 669 taxaverant,
652 609 948 671 perniciosus
980 607 1080 656 fuit.
1123 605 1193 655 Ob
1215 622 1336 671 quae
1357 607 1570 655 omnibus
1592 607 1857 656 hominibus

346 678 521 724 invisus
542 690 634 725 non
653 677 796 725 multo
816 684 925 741 post
945 691 1121 740 poenas
1142 676 1284 725 dedit.
1331 674 1513 741 (XIII.)
1534 675 1650 725 Nam
1671 676 1729 724 de
1748 675 1856 725 Per

345 745 446 794 side
465 748 617 794 victor
636 747 871 795 exercitus
900 746 1113 808 rediens,
1155 760 1258 794 cum
1285 743 1452 795 Carum
1480 745 1741 809 Augustum
1769 745 1857 794 ful·

344 816 482 875 mine,
506 813 835 864 Numerianum
855 814 1106 865 Caesarem
1124 815 1304 864 insidiis
1325 813 1629 878 perdidisset,
1664 814 1855 864 Diocle-

344 886 517 933 tianum
546 887 876 948 imperatorem
907 887 1109 947 creavit,
1147 883 1375 933 Dalmatia
1404 884 1670 947 oriundum,
1708 886 1856 933 virum

345 954 679 1002 obscurissime
699 962 878 1018 natum,
916 954 1035 1002 adeo
1052 962 1102 1002 ut
1126 970 1152 1002 a
1179 953 1422 1016 plerisque
1445 954 1629 1003 scribae
1650 952 1799 1015 filius,
1831 969 1856 1003 a

343 1022 573 1071 nonnullis
593 1023 778 1072 Anulini
805 1025 1036 1072 senatoris
1061 1023 1304 1077 libertinus
1324 1022 1474 1071 fuisse
1494 1021 1724 1071 credatur.

451 1093 587 1143 CAr.
609 1092 714 1140 XX.
752 1091 798 1140 ls
820 1094 967 1156 prima
992 1091 1185 1140 militum
1206 1093 1436 1142 concione
1459 1092 1643 1154 iuravit,
1682 1091 1854 1141 Nume-

343 1163 517 1210 rianum
556 1161 684 1210 nullo
725 1176 811 1210 suo
852 1161 961 1210 dolo
997 1161 1318 1224 interfectum,
1365 1168 1413 1210 et
1449 1176 1554 1210 cum
1588 1162 1713 1211 iuxta
1751 1177 1856 1210 eum

341 1231 499 1295 Aper,
549 1234 627 1295 qui
665 1230 946 1280 Numeriano
981 1230 1172 1280 insidias
1210 1230 1418 1294 fecerat,
1448 1232 1765 1294 constitisset,
1810 1233 1855 1279 in

343 1309 604 1364 conspectu
630 1302 866 1349 exercitus
896 1316 1031 1349 manu
1050 1300 1333 1349 Diocletiani
1354 1314 1609 1364 percussus
1631 1307 1719 1348 est.
1766 1299 1853 1348 Po-

291 1412 299 1423 ,,
342 1379 440 1419 stea
463 1368 679 1419 Carinum
699 1372 901 1419 omnium
919 1370 1028 1419 odio
1060 1378 1107 1419 et
1126 1370 1438 1419 detestatione
1465 1371 1701 1419 viventem
1733 1369 1856 1434 apud

231 1445 321 1535 ἓξὲξ

341 1440 550 1504 Margum
575 1443 751 1505 ingenti
772 1440 958 1503 proelio
987 1441 1126 1502 vicit,
1167 1439 1399 1503 proditum
1429 1440 1486 1488 ab
1517 1440 1727 1488 exercitu
1747 1453 1852 1502 suo,

343 1525 481 1573 quem
501 1511 744 1558 fortiorem
756 1510 973 1571 habebat,
999 1517 1128 1557 certe
1145 1508 1397 1570 desertum,
1420 1510 1541 1557 inter
1549 1508 1855 1558 Viminacium

341 1587 481 1643 atque
510 1580 714 1628 Aureum
748 1586 967 1629 montem.
1026 1578 1094 1627 Ita
1126 1594 1279 1626 rerum
1313 1578 1620 1627 Romanarum
1659 1580 1850 1642 potitus,

343 1664 446 1697 cum
466 1649 706 1697 tumultum
727 1650 946 1697 rusticani
983 1650 1029 1696 in
1051 1646 1198 1696 Gallia
1233 1650 1548 1697 concitassent
1582 1655 1629 1696 et
1664 1648 1854 1697 factioni

343 1733 456 1766 suae
476 1718 791 1767 Bacaudarum
813 1731 983 1766 nomen
1011 1719 1330 1781 imponerent,
1366 1717 1511 1766 duces
1540 1725 1694 1767 autem
1712 1718 1852 1766 habe-

342 1795 443 1836 rent
466 1787 724 1836 Amandum
746 1795 792 1836 et
811 1787 1071 1848 Aelianum,
1111 1787 1170 1836 ad
1195 1786 1485 1851 subigendos
1513 1801 1600 1835 eos
1618 1786 1853 1836 Maximia-

340 1873 446 1905 num
466 1856 735 1905 Herculium
756 1855 1003 1906 Caesarem
1029 1857 1167 1918 misit,
1197 1858 1276 1920 qui
1302 1856 1484 1904 levibus
1506 1855 1699 1919 proeliis
1719 1871 1852 1920 agre-

340 1934 439 1975 stes
461 1927 638 1975 domuit
658 1935 706 1975 et
722 1942 889 1990 pacem
908 1925 1086 1975 Galliae
1105 1925 1393 1976 reformavit.

443 1997 587 2046 cm».
621 1995 748 2044 XXI.
791 1994 880 2043 Per
910 1996 1027 2043 haec
1055 2002 1267 2059 tempora
1293 1996 1430 2044 etiam
1449 1993 1727 2058 Carausius,
1774 1997 1854 2060 qui

337 2066 564 2113 vilissime
600 2072 734 2112 natus
773 2071 991 2112 strenuae
1014 2063 1205 2112 militiae
1225 2063 1386 2115 ordine
1415 2064 1582 2114 famam
1613 2067 1853 2129 egregiam

337 2135 487 2183 fuerat
507 2141 808 2194 consecutuS,
838 2148 941 2181 cum
959 2132 1083 2197 apud
1101 2132 1356 2182 Bononiam
1376 2148 1462 2197 per
1478 2142 1674 2183 tractum
1695 2133 1853 2197 Belgi·

340 2219 423 2252 cae
446 2211 491 2251 et
514 2202 787 2251 Armoricae
807 2202 1065 2266 pacandum
1085 2217 1211 2250 mare
1234 2204 1519 2266 accepisset,
1543 2203 1669 2268 quod
1687 2202 1853 2251 Franci

339 2281 386 2321 et
411 2272 625 2322 Saxones
652 2271 958 2335 infestabant,
999 2271 1155 2321 multis
1175 2272 1385 2321 barbaris
1412 2286 1561 2337 saepe
1596 2274 1744 2338 captis
1765 2288 1854 2321 nec

338 2342 510 2406 praeda
530 2344 711 2405 integra
735 2348 812 2390 aut
843 2341 1211 2423 provincialibus
1239 2340 1420 2391 reddita
1453 2349 1532 2391 aut
1563 2343 1854 2406 imperatori-

335 2414 423 2460 bus
441 2413 583 2460 missa
605 2426 708 2459 cum
729 2412 939 2474 suspicio
964 2426 1072 2459 esse
1093 2411 1355 2474 coepisset,
1379 2411 1595 2461 consulto
1617 2413 1674 2461 ab
1698 2426 1756 2461 eo
1776 2412 1853 2461 ad-

335 2483 451 2530 mitti
470 2482 712 2543 barbaros,
742 2489 790 2529 ut
810 2486 1106 2529 transeuntes
1127 2494 1232 2528 cum
1254 2481 1428 2544 praeda
1451 2483 1694 2546 exciperet
1711 2489 1853 2546 atque

338 2551 426 2599 hac
446 2566 500 2599 se
520 2552 774 2599 occasione
798 2550 981 2611 ditaret,
1003 2548 1352 2599 aMaximiano
1338 2566 1495 2600 iussus
1512 2550 1667 2600 occidi
1680 2565 1851 2615 purpu-

339 2635 433 2668 ram
455 2621 654 2683 sumpsit
674 2626 720 2667 et
738 2618 996 2667 Britannias
1023 2620 1286 2683 occupavit.

448 2690 487 2737 C
501 2705 591 2737 ΛΡ.
612 2684 762 2736 XXII.
785 2687 964 2753 (XIV.)
1004 2686 1072 2737 Ita
1094 2704 1197 2736 cum
1219 2703 1306 2752 per
1325 2703 1508 2738 omnem
1527 2690 1689 2739 orbem
1708 2697 1847 2737 terra-

335 2773 434 2806 rum
452 2773 530 2806 res
550 2758 760 2806 turbatae
781 2764 958 2819 essent,
983 2755 1267 2806 Carausius
1254 2774 1299 2806 in
1319 2758 1563 2808 Britanniis
1582 2757 1848 2819 rebellaret,

338 2827 575 2875 Achilleus
588 2829 633 2875 in
648 2826 887 2890 AegyptO,
902 2826 1106 2875 Africam
1119 2827 1543 2892 Quinquegentiani
1562 2827 1849 2886 infestarent,
