2026 3238
249 546 336 579 A.u.

262 600 338 635 375.

370 177 430 227 lO
938 179 1301 226 EUTROPII

362 316 599 380 ptuaginta
611 329 757 366 annos
777 314 949 364 bellum
967 323 1200 378 gesserat,
1221 317 1351 378 vicit,
1375 313 1703 378 etAequorum
1714 314 1876 364 urbem

360 392 408 434 et
435 385 723 434 Sutrinorum
770 385 974 433 ›mnibus
1002 384 1169 433 deletis
1200 383 1451 434 earundem
1479 382 1766 432 exercitibus
1795 397 1874 432 oc-

360 456 565 518 cupavit,
594 461 641 504 et
659 461 757 504 tres
776 453 911 503 simul
930 455 1190 518 triumphos
1212 456 1326 519 egit.

466 524 588 573 CAr.
611 522 671 572 11.
710 522 841 573 Titus
873 524 1011 573 etiam
1041 522 1257 584 Quintius
1289 522 1587 572 Cincinnatus
1616 520 1875 570 Praenesti-

356 608 461 655 nos,
485 594 563 658 qui
584 609 736 658 usque
759 593 818 643 ad
834 593 962 642 urbis
983 593 1163 643 Romae
1181 601 1339 657 portas
1360 607 1465 641 cum
1485 590 1613 641 bello
1633 598 1876 653 venerant,

359 670 638 727 persecutus
658 663 714 711 ad
741 662 912 712 flumen
922 662 1090 712 Alliam
1108 664 1239 725 vicit,
1259 670 1368 712 octo
1391 662 1621 725 civitateS‚
1648 675 1769 725 quae
1790 660 1877 709 sub

356 734 473 796 ipsis
490 733 710 796 agebant,
733 732 955 782 Romanis
975 732 1198 795 adiunxit,
1218 734 1367 797 ipsam
1385 730 1669 780 Praenesten
1680 745 1877 794 aggres-

357 817 436 851 sus
457 803 503 850 in
521 801 806 851 deditionem
831 803 1033 866 accepit.
1091 801 1226 862 Quae
1257 803 1410 851 omnia
1442 801 1498 850 ab
1527 813 1585 848 eo
1611 807 1746 865 gesta
1774 806 1879 848 sunt

357 872 520 936 viginti
548 871 732 934 diebus,
757 872 1112 937 triumphusque
1133 873 1225 936 ipsi
1248 871 1483 920 decretus,

465 941 551 989 CA
568 957 611 989 P.
633 940 717 990 111.
755 942 928 990 Verum
949 941 1151 1005 dignitas
1177 942 1465 990 tribunorum
1495 939 1757 989 militarium
1785 953 1879 987 non

326 1044 336 1053 ·
359 1011 436 1059 diu
458 1012 797 1074 perseveravit.
837 1009 954 1060 Nam
976 1019 1083 1074 post
1097 1011 1381 1075 aliquantum
1400 1008 1556 1059 nullos
1571 1008 1745 1072 placuit
1758 1008 1876 1071 lieri,

326 1100 338 1111 ·
357 1087 405 1128 et
430 1079 780 1144 quadriennium
799 1081 845 1129 in
866 1081 980 1129 urbe
1005 1081 1066 1128 ita
1087 1080 1241 1142 fluxit,
1273 1087 1322 1129 ut
1353 1085 1615 1144 potestates
1644 1078 1708 1126 ibi
1733 1078 1878 1127 maio-

358 1164 435 1198 res
455 1161 548 1197 non
560 1157 738 1198 essent.
771 1149 944 1199 Resum
951 1157 1144 1213 pserunt
1165 1156 1320 1198 tamen
1341 1149 1510 1200 tribuni
1531 1147 1755 1196 militares
1770 1160 1878 1196 con·

358 1218 498 1267 sulari
523 1226 760 1282 potestate
789 1219 956 1267 iterum
984 1218 1256 1283 dignitatem
1293 1226 1340 1267 et
1370 1219 1566 1268 triennio
1605 1230 1878 1281 persevera·

326 1315 335 1325 ·
358 1295 540 1337 verunt.
581 1288 759 1337 Rursus
781 1288 1004 1337 consules
1032 1288 1159 1337 facti.

469 1358 608 1410 CAP.
638 1357 717 1406 1v.
741 1357 855 1424 (ΙΙ.)
896 1355 947 1406 L.
971 1355 1183 1407 Genucio
1217 1365 1264 1406 et
1285 1357 1344 1418 Q.
1367 1357 1571 1406 Servilio
1604 1371 1731 1407 coss.
1757 1371 1878 1406 mor·

363 1436 469 1476 tuus
493 1434 566 1475 est
587 1426 826 1476 Camillus,
875 1427 1037 1476 Honor
1057 1429 1100 1476 ei
1132 1426 1366 1476 secundus
1393 1434 1502 1490 post
1532 1427 1779 1475 Romulum
1800 1426 1876 1475 de-

359 1497 616 1615 latuscejtb.
646 1566 701 1614 V.
748 1565 801 1614 T.
825 1565 1042 1626 Quintius
1063 1566 1261 1616 dictator
1280 1565 1505 1614 adversus
1521 1565 1698 1628 Ganos,
1725 1566 1803 1629 qui
1824 1564 1879 1614 ad

325 1658 335 1667 ·
358 1635 536 1685 Italiam
558 1643 811 1698 venerant,
837 1637 1007 1684 missus
1037 1643 1125 1685 est.
1182 1635 1239 1684 Hi
1263 1636 1320 1684 ab
1340 1636 1456 1685 urbe
1489 1643 1653 1701 quarto
1682 1634 1877 1684 miliario

358 1714 483 1754 trans
513 1704 742 1754 Anienem
778 1705 967 1753 fluvium
1000 1705 1325 1755 consederant.
1375 1704 1445 1754 Ibi
1468 1705 1788 1754 nobilissimus
1821 1704 1879 1753 de

358 1774 652 1823 senatoribus
672 1775 853 1823 iuvenis
873 1773 926 1822 T.
946 1773 1144 1823 Manlius
1160 1782 1494 1839 provocantem
1508 1772 1689 1822 Gallum
1708 1773 1766 1822 ad
1786 1775 1857 1822 sin

358 1843 522 1908 gulare
543 1850 779 1892 certamen
800 1857 1084 1907 progressus
1105 1843 1299 1906 occidit,
1323 1849 1371 1891 et
1403 1842 1586 1891 sublato
1605 1850 1776 1907 torque
1796 1858 1874 1891 au·

359 1926 444 1962 reo
472 1911 696 1977 colloque
715 1926 802 1960 suo
824 1913 1046 1975 imposito
1078 1913 1123 1960 in
1155 1919 1433 1976 perpetuum
1453 1910 1676 1976 Torquati
1708 1919 1756 1960 et
1789 1913 1878 1961 sibi

359 1990 406 2031 et
434 1983 637 2046 posteris
661 1995 927 2044 cognomen
945 1983 1148 2044 accepit.
1189 1980 1307 2030 Galli
1328 1980 1474 2045 fugati
1496 1988 1618 2044 sunt,
1656 1995 1767 2031 mox
1794 1997 1879 2046 per

360 2051 414 2100 C.
439 2050 697 2114 Sulpicium
722 2050 995 2099 dictatorem
1020 2051 1156 2098 etiam
1177 2052 1302 2103 victi.
1341 2049 1448 2100 Non
1465 2050 1609 2100 multo
1636 2059 1746 2115 post
1771 2066 1797 2100 a
1825 2050 1877 2100 C.

358 2119 535 2169 Marcio
560 2118 700 2168 Tusci
732 2121 843 2168 victi
877 2126 993 2170 sunt.
1045 2134 1132 2168 vm
1160 2120 1283 2169 milia
1317 2122 1607 2184 captivorum
1637 2135 1696 2169 cx
1731 2121 1803 2169 his
1834 2122 1877 2169 in

359 2189 638 2259 triumphum
664 2189 815 2238 ducta.
927 2193 935 2199 '

472 2260 556 2308 CA
572 2275 610 2310 P.
635 2257 710 2308 VI.
735 2257 872 2325 (111.)
914 2258 1097 2308 Census
1133 2260 1299 2308 iterum
1330 2259 1512 2308 habitus
1543 2267 1630 2311 est.
1684 2257 1746 2308 Et
1775 2273 1879 2308 cum

328 2361 337 2370 -
359 2326 522 2390 Latini,
552 2330 630 2392 qui
652 2344 678 2377 a
698 2328 919 2377 Romanis
940 2329 1120 2377 subacti
1139 2336 1286 2390 erant,
1320 2328 1491 2378 milites
1513 2335 1754 2393 praestare
1778 2327 1878 2378 nol-

328 2418 336 2427 ·
360 2397 473 2460 lent,
502 2412 560 2446 ex
586 2398 806 2446 Romanis
826 2405 998 2446 tantum
1027 2399 1205 2446 tirones
1231 2397 1342 2446 lecti
1368 2406 1498 2461 sunt,
1536 2398 1784 2463 factaeque
1811 2397 1877 2446 le-

359 2468 528 2530 giones
555 2466 746 2528 decem,
774 2467 851 2530 qui
882 2466 1046 2515 modus
1073 2467 1317 2530 sexaginta
1350 2467 1425 2515 vel
1456 2467 1654 2532 amplius
1679 2475 1877 2517 armato·

358 2551 457 2584 rum
478 2536 602 2584 milia
623 2535 875 2585 efficiebat.
907 2534 1065 2584 Parvis
1085 2535 1235 2585 adhuc
1245 2536 1467 2585 Romanis
1488 2538 1647 2600 rebuS‚
1677 2544 1798 2586 tanta
1812 2543 1875 2586 ta·

358 2619 463 2653 men
483 2606 527 2653 in
551 2620 604 2652 re
623 2604 806 2654 militari
827 2606 972 2653 virtus
1004 2611 1116 2657 erat.
1175 2603 1308 2664 Quae
1330 2620 1434 2654 cum
1457 2606 1698 2670 profectae
1719 2612 1878 2655 essent

358 2672 584 2722 adversus
607 2671 766 2723 Gallos
794 2673 914 2722 duce
933 2673 982 2724 L.
1006 2673 1165 2736 Furio,
1199 2674 1384 2738 quidam
1405 2691 1466 2724 ex
1490 2674 1635 2725 Gallis
1654 2690 1792 2724 unum
1817 2689 1877 2723 ex

358 2741 597 2805 Romanis,
624 2744 702 2808 qui
723 2750 854 2792 essct
873 2745 1093 2807 optimus,
1118 2745 1406 2807 provocavit.
1449 2743 1564 2794 Tum
1589 2759 1643 2794 se
1661 2742 1723 2796 Μ.
1739 2735 1876 2794 Vale·

359 2812 454 2860 rius
480 2812 689 2861 tribunus
714 2811 906 2861 militum
936 2812 1128 2868 obtulit.
1168 2820 1214 2860 et
1247 2828 1349 2861 cum
1384 2815 1700 2877 processisset
1731 2828 1875 2863 arma·
