2026 3238
250 761 345 797 c.N.

263 817 336 854 169.

365 144 432 195 58
941 147 1293 194 EUTROPll

367 286 540 333 brinam
575 298 718 332 suam.
775 282 832 331 Hi
860 282 1034 332 bellum
1067 290 1229 332 contra
1259 281 1454 335 Parthos
1485 291 1761 345 gesserunt,
1797 290 1874 349 qui

369 360 476 417 post
500 354 741 401 victoriam
763 350 943 400 Traiani
964 359 1059 400 tum
1088 354 1282 416 primum
1312 351 1670 402 rebellaverant.
1725 352 1874 401 Verus

367 422 626 470 Antoninus
658 421 715 470 ad
749 421 795 469 id
816 421 1059 485 profectus
1093 428 1180 472 est.
1235 421 1326 480 Qui
1364 419 1640 469 Antiochiae
1675 429 1722 469 et
1752 421 1876 470 circa

361 491 626 540 Armeniam
653 505 800 554 agens
821 490 963 538 multa
986 504 1072 554 per
1095 490 1239 539 duces
1262 497 1309 538 et
1327 491 1531 553 ingentia
1543 491 1756 553 patravit.
1790 490 1874 538 Se-

361 561 560 609 leuciam
574 597 588 622 ,
626 559 851 622 Assyriae
872 559 1035 607 urbem
1052 559 1385 608 nobilissimam
1398 596 1412 621 ,
1452 574 1554 607 cum
1575 558 1876 623 quadraginta

363 628 547 677 milibus
590 629 824 677 hominum
861 629 1003 693 cepit.
1059 627 1316 677 Parthicum
1358 629 1635 691 triumphum
1675 629 1873 677 revexit.

313 728 323 738 ·
363 697 477 746 Cum
499 698 640 746 fratre
660 697 924 762 eodemque
945 712 1115 747 socero
1138 698 1450 761 triumphavit.
1514 697 1640 746 Obiit
1658 705 1811 746 tamen
1829 698 1876 745 in

360 768 583 830 Venetia,
624 782 727 815 cum
756 783 782 816 a
801 766 1065 816 Concordia
1101 769 1289 815 civitate
1316 766 1517 815 Altinum
1544 767 1873 830 proficiscere·

360 845 433 885 tur
446 843 610 885 etcum
634 836 776 886 fratre
795 838 842 885 in
859 836 1081 885 vehiculo
1102 836 1306 899 sederet,
1320 837 1475 884 subito
1487 837 1714 900 sanguiue
1733 837 1872 898 ictus,

362 921 472 954 casu
499 905 666 969 morbi,
701 921 841 970 quem
859 904 1024 955 Graeci
1045 900 1348 970 ἅπόπληξιν
1373 912 1560 954 vocant.
1633 905 1716 953 Vir
1743 907 1874 969 inge·

359 976 421 1024 nii
451 990 610 1038 parum
649 975 819 1037 civilis,
859 977 1123 1024 reverentia
1158 982 1309 1023 tamen
1342 974 1497 1023 fratris
1522 973 1636 1022 nihil
1674 989 1875 1037 unquam

359 1052 493 1093 atrox
522 1059 680 1092 ausus.
741 1044 856 1092 Cum
878 1045 1061 1092 obisset
1081 1044 1327 1091 undecimo
1363 1044 1544 1106 imperii
1573 1056 1718 1105 annu,
1757 1044 1877 1090 inter

361 1112 477 1161 deos
498 1113 672 1161 relatus
693 1121 780 1161 est.

2008 1322 2026 2314 ²

461 1216 501 1265 C
515 1232 603 1266 Ar.
632 1215 714 1264 XI.
748 1215 881 1282 (Vl.)
929 1215 1041 1264 Post
1081 1232 1185 1264 eum
1217 1215 1401 1264 Marcus
1437 1214 1700 1263 Antoninus
1741 1213 1873 1262 solus

360 1302 457 1334 rem
477 1285 708 1349 publicam
738 1288 911 1349 tenuit,
942 1287 1038 1347 vir,
1075 1301 1214 1350 quem
1229 1286 1381 1333 mirari
1402 1283 1586 1332 facilius
1610 1285 1715 1347 quis
1735 1298 1871 1347 quam

361 1355 550 1404 laudare
570 1356 740 1418 possit.
777 1354 1064 1419 Aprincipio
1086 1356 1211 1403 vitae
1230 1352 1657 1418 tranquillissimus,
1686 1351 1805 1400 adeo
1826 1359 1875 1400 ut

360 1426 406 1472 in
431 1424 619 1473 infantia
640 1439 829 1489 quoque
847 1423 1023 1473 vultum
1042 1423 1132 1473 ne'c
1155 1436 1215 1472 ex
1231 1423 1404 1487 gaudio
1418 1460 1432 1484 ‚
1467 1437 1556 1470 nec
1580 1437 1640 1471 ex
1656 1435 1874 1470 moerore

361 1494 558 1542 mutarit.
591 1492 925 1557 Philosophiae
946 1492 1128 1541 deditus
1151 1494 1359 1554 Stoicae,
1402 1494 1506 1554 ipse
1528 1492 1665 1539 etiam
1683 1504 1777 1539 non
1797 1503 1872 1539 so-

360 1562 452 1611 lum
470 1564 595 1611 vitae
614 1563 840 1625 moribuS,
863 1562 947 1611 sed
967 1563 1105 1610 etiam
1124 1561 1386 1610 eruditione
1399 1559 1727 1624 philosophus,
1754 1557 1871 1608 Tan·

358 1639 433 1680 tae
451 1630 766 1680 admirationis
787 1631 937 1680 adhuc
956 1632 1159 1692 iuvenis,
1181 1638 1231 1678 ut
1252 1645 1357 1678 eum
1383 1643 1714 1678 successorem
1740 1643 1870 1693 para—

358 1702 476 1749 verit
494 1699 750 1749 Hadrianus
777 1700 1070 1764 relinquere,
1100 1700 1322 1763 adoptato
1350 1706 1504 1748 tamen
1533 1698 1768 1748 Antonino
1788 1697 1871 1746 Pio

355 1784 578 1833 generum
621 1785 730 1818 esse
762 1771 805 1818 ei
835 1769 1013 1818 idcirco
1032 1768 1251 1831 voluerit,
1283 1775 1332 1817 ut
1354 1769 1447 1817 hoc
1468 1767 1630 1816 ordine
1649 1767 1706 1816 ad
1725 1769 1869 1830 impe-

355 1840 471 1887 rium
491 1841 777 1902 perveniret.

465 1942 611 1991 CAP.
641 1941 747 1990 XII.
786 1941 1027 1990 Institutus
1057 1948 1130 1990 est
1153 1941 1210 1989 ad
1241 1939 1586 2004 philosophiam
1618 1954 1704 2003 per
1721 1938 1847 2003 Apol

355 2012 528 2060 lonium
553 2010 943 2072 Chalcedonium,
980 2010 1038 2059 ad
1070 2012 1311 2058 scientiam
1335 2010 1568 2058 literarum
1591 2007 1870 2057 Graecarum

355 2095 443 2145 per
473 2080 662 2130 Sextum
690 2078 1098 2142 Chaeronensem,
1134 2078 1365 2127 Plutarchi
1400 2086 1648 2142 nepotem,
1687 2076 1869 2126 Latinas

355 2157 507 2198 autem
525 2149 686 2198 literas
700 2164 804 2197 eum
823 2148 1018 2211 Fronto,
1040 2156 1198 2197 orator
1215 2147 1553 2209 nobilissimus,
1573 2146 1748 2195 docuit.
1781 2145 1870 2194 Hic

357 2234 459 2267 cum
481 2218 693 2267 omnibus
712 2217 891 2267 Romae
924 2231 1077 2281 aequo
1105 2219 1206 2266 iure
1228 2219 1350 2281 egit,
1395 2216 1452 2265 ad
1476 2215 1646 2265 nullam
1663 2214 1867 2264 insolen-

356 2290 463 2336 tiam
494 2288 644 2336 elatus
670 2288 854 2351 imperii
890 2287 1109 2351 fastigiO,
1149 2286 1440 2336 liberalitatis
1473 2286 1867 2350 promptissimae.

358 2357 627 2406 Provincias
665 2357 842 2421 ingenti
875 2357 1163 2419 benignitate
1201 2363 1247 2404 et
1280 2355 1602 2404 moderatione
1637 2355 1865 2403 tractavit.

356 2425 527 2475 Contra
562 2424 816 2474 Germanos
856 2439 914 2473 eo
955 2426 1168 2488 principe
1206 2440 1284 2473 res
1303 2423 1507 2473 feliciter
1541 2431 1705 2488 gestae
1746 2429 1867 2472 sunt.

354 2494 533 2544 Bellum
562 2497 667 2559 ipse
695 2510 830 2543 unum
868 2495 1019 2558 gessit
1047 2493 1491 2556 Marcomannicum,
1539 2492 1622 2541 sed
1652 2499 1866 2556 quantum

355 2564 477 2613 nulla
503 2565 725 2612 memoria
755 2564 864 2625 fuit,
894 2562 1014 2611 adeo
1040 2570 1088 2610 ut
1115 2560 1303 2610 Punicis
1331 2563 1611 2611 conferatur.
1660 2561 1776 2611 Nam
1807 2573 1866 2608 eo

353 2634 542 2696 gravius
569 2639 643 2680 est
670 2632 867 2693 factum,
910 2631 1034 2695 quod
1064 2633 1269 2680 universi
1304 2633 1539 2680 exercitus
1558 2631 1755 2680 Romani
1784 2643 1864 2693 pe-

356 2703 540 2749 rierant.
606 2701 702 2748 Sub
733 2700 824 2748 hoc
855 2701 975 2749 enim
1002 2708 1151 2749 tantus
1187 2715 1324 2748 casus
1353 2702 1649 2764 pestilentiae
1678 2699 1781 2759 fuit,
1817 2704 1866 2744 ut

356 2777 464 2829 post
481 2770 725 2818 victoriam
745 2768 977 2817 Persicam
998 2769 1177 2818 Romae
1197 2784 1253 2818 ac
1274 2784 1359 2828 per
1381 2767 1556 2818 Italiam
1576 2768 1864 2832 provincias·
2010 2762 2014 2815 3
