2026 3238
24 2931 46 3238 *uo-ivraecw-wou
27 2867 39 2897 ι-
25 2830 36 2848 υ
23 2664 37 2816 :eam-ms*

738 201 978 247 LIBER
1031 203 1114 247 Vll.
1624 195 1692 247 45

166 337 335 379 caedes.
388 336 547 379 Divisio
590 338 651 377 rei
680 335 874 390 publicae
916 338 1023 378 inter
1064 338 1291 378 Antonium
1332 343 1374 377 et
1403 336 1690 379 Octavianum.

164 394 338 436 Antonii
367 393 522 443 frater,
551 394 729 443 Lucius,
757 405 892 434 novus
919 394 1018 434 belli
1046 393 1180 435 civilis
1206 399 1353 436 auctor
1367 424 1379 443 ‚
1428 393 1678 447 opprimitur

166 448 211 496 4.
241 450 405 492 Bellum
445 463 540 491 cum
581 449 707 491 Sexto
746 449 946 503 Pompeio
985 462 1090 504 pace
1125 451 1399 505 componitur.
1456 450 1499 490 5.
1541 451 1693 505 Agrip-

166 520 223 562 pa
252 509 297 548 in
326 507 554 559 Aquitania
581 520 650 548 res
677 518 880 560 prospere
910 509 1032 561 gerit.
1076 506 1299 549 Ventidius
1328 506 1486 548 Bassus
1517 506 1570 548 de
1596 505 1693 547 Par-

166 564 266 613 this,
294 565 366 615 qui
395 564 438 604 in
454 563 612 618 Syriam
642 565 890 617 irruperant,
919 565 1041 606 victis
1070 565 1326 619 triumphum
1355 566 1456 619 agit.
1500 562 1544 606 6.
1576 563 1691 605 Sext.

166 621 391 674 Pompeius
429 627 551 675 rupta
587 633 694 675 pace
740 621 897 662 bellum
942 622 1145 662 instaurat
1188 629 1229 663 et
1266 622 1401 663 victus
1438 621 1692 664 interficitur.

166 678 374 719 Antonius
406 675 691 731 Cleopatram,
736 677 919 732 Aegypti
948 680 1138 733 reginam
1152 709 1163 727 ,
1204 679 1249 720 in
1276 679 1587 720 matrimonium
1617 679 1693 718 du-

166 734 224 775 cit
267 740 309 774 et
345 745 498 775 vanam
533 735 577 775 in
620 733 796 775 Parthos
840 735 1150 789 expeditionem
1192 737 1380 790 suscipit.
1447 731 1490 777 7.
1525 734 1693 776 Bellum

166 791 274 832 inter
302 788 575 832 Octavianum
618 798 660 832 et
694 791 926 832 Antonium
965 799 1006 832 et
1049 792 1175 833 huius
1215 800 1314 847 post
1356 805 1547 847 pugnam
1586 792 1693 833 infe-

167 846 290 888 licem
330 847 446 901 apud
480 847 649 889 Actium
690 861 786 889 cum
825 848 1046 902 Cleopatra
1083 851 1288 893 interitus.
1350 851 1570 904 Aegyptus
1608 848 1693 890 Ro-

166 916 291 945 mano
332 904 508 958 imperio
550 905 757 947 adiicitur.
816 902 859 946 8.
899 904 1153 947 Octavianus
1193 906 1378 961 Augusti
1412 908 1584 948 >nomine
1625 918 1693 946 ao-

166 967 289 1016 cepto
319 961 418 1002 inde
462 961 579 1003 solus
621 974 711 1003 rem
751 962 964 1016 publicam
1009 962 1169 1003 obtinet
1212 969 1253 1003 et
1297 964 1470 1018 egregie
1501 961 1693 1003 modera-

166 1025 248 1061 tur.
301 1015 344 1058 9.
377 1016 446 1058 10.
476 1019 659 1073 Augusti
685 1018 809 1068 bella,
840 1020 1054 1068 victoriae,
1086 1020 1197 1068 vita,
1229 1032 1382 1069 mores,
1414 1020 1588 1072 eiusque
1619 1031 1693 1060 au-

169 1081 233 1115 cto
263 1073 454 1116 Romano
483 1076 660 1128 imperio
687 1076 842 1117 obitus.
898 1075 968 1117 11.
999 1075 1189 1116 Tiberius
1205 1106 1216 1125 ‚
1245 1076 1430 1130 Augusti
1459 1086 1692 1125 successor,

166 1137 263 1185 post
290 1131 421 1173 vitam
446 1133 632 1185 pessime
663 1138 799 1173 actam
834 1145 930 1173 cum
960 1145 1124 1174 summo
1156 1133 1342 1174 omnium
1371 1134 1530 1187 gaudio
1567 1134 1692 1174 mori-

168 1196 250 1228 tur.
312 1187 383 1229 12.
416 1186 621 1243 Caligula,
653 1188 881 1230 sceleratus
909 1190 1121 1243 princeps,
1149 1190 1260 1231 bello
1291 1198 1437 1232 contra
1462 1189 1691 1232 Germanos

168 1246 321 1297 ignave
351 1250 472 1298 gesto
502 1246 718 1289 occiditur.
784 1244 855 1288 13.
884 1246 1084 1287 Claudius
1112 1258 1263 1299 parum
1290 1247 1372 1288 sibi
1399 1247 1444 1288 in
1470 1249 1582 1288 vitae
1603 1259 1691 1297 mo-

169 1301 384 1342 deratione
414 1308 610 1343 constans
637 1302 895 1343 Britanniam
938 1303 1133 1343 devincit.
1195 1301 1265 1346 14.
1301 1303 1477 1344 Neronis
1497 1303 1690 1352 luxuria,

168 1357 301 1399 libido
331 1364 373 1398 et
400 1358 625 1400 crudelitas
653 1365 819 1413 praeter
847 1360 932 1400 alia
973 1361 1147 1400 crimina
1174 1367 1471 1402 memorantur.
1531 1361 1692 1401 Britan-

169 1415 241 1455 nia
267 1426 404 1468 paene
431 1416 662 1465 amittitur,
679 1416 878 1457 Armenia
906 1429 932 1457 a
952 1416 1116 1457 Parthis
1148 1418 1333 1471 eripitur,
1363 1417 1521 1458 Pontus
1549 1424 1690 1458 tamen

169 1470 485 1512 Polemoniacus
516 1478 558 1513 et
576 1472 706 1527 Alpes
737 1472 896 1514 Cottiae
928 1473 1119 1514 Romano
1150 1475 1326 1527 imperio
1353 1475 1570 1516 accedunt.
1619 1473 1689 1515 15.

170 1526 280 1569 Nero
324 1530 517 1570 omnibus
548 1530 817 1572 exsecrabilis
849 1529 1069 1581 hostisque
1110 1542 1136 1570 a
1167 1536 1316 1571 senatu
1351 1531 1561 1572 iudicatus
1598 1533 1691 1585 ipse

170 1597 218 1626 se
246 1586 450 1626 interficit.
514 1584 584 1629 16.
615 1585 748 1628 Galba
773 1598 905 1628 senex
931 1593 1030 1640 post
1055 1588 1185 1628 breve
1220 1589 1444 1642 imperium
1473 1589 1691 1630 occiditur.

172 1639 244 1683 17.
273 1641 379 1684 Otho
398 1655 495 1683 cum
520 1643 744 1694 aVitellio,
773 1644 940 1698 imperii
968 1644 1149 1693 aemulo,
1180 1651 1414 1699 urgeretur,
1446 1646 1503 1687 ad
1533 1646 1692 1687 evitan-

172 1699 267 1741 dam
284 1698 385 1740 belli
412 1701 547 1741 civilis
575 1700 854 1742 calamitatem
883 1700 1118 1741 voluntarla
1146 1707 1279 1743 morte
1310 1703 1411 1745 obit.
1457 1699 1527 1746 18.
1559 1702 1692 1743 Vitel-

169 1755 265 1806 lius,
292 1754 468 1797 Neronis
494 1758 700 1807 imitator,
747 1757 939 1812 ingluvie.
959 1758 1141 1798 maxime
1169 1758 1381 1807 notabilis,
1412 1759 1692 1824 ignominiose

167 1812 291 1866 perit.
354 1809 425 1856 19.
446 1812 517 1856 20.
551 1813 805 1868 Vespasiani
833 1815 1009 1855 virtutes
1039 1820 1079 1854 et
1100 1826 1169 1855 res
1197 1815 1242 1854 in
1267 1815 1389 1855 bellis
1411 1822 1572 1869 gestae,
1600 1816 1692 1868 qui·

168 1870 248 1910 hus
276 1868 467 1912 Romano
498 1871 674 1924 imperio
705 1877 970 1912 accesserunt
998 1870 1132 1911 Vecta
1173 1871 1316 1913 insula
1345 1871 1565 1924 factaeque
1593 1881 1691 1926 pro-

170 1926 336 1967 vinciae
354 1926 530 1977 Achaia,
561 1928 704 1982 Lycia,
736 1927 926 1976 RhoduS,
955 1925 1120 1977 Samus,
1150 1927 1342 1977 Thracia,
1377 1927 1535 1978 Cilicia,
1570 1928 1690 1971 Com-

168 1995 362 2037 magene.
417 1982 488 2025 21.
507 1982 581 2030 22.
610 1984 707 2035 Titi,
736 1984 938 2039 principis
965 1985 1126 2038 optimi,
1145 1984 1424 2026 laetissimum
1451 1988 1689 2039 imperium.

168 2038 241 2083 23.
274 2039 553 2091 Domitianus,
583 2042 761 2084 diversis
776 2042 963 2084 moribus
991 2041 1159 2091 foedus,
1189 2049 1333 2083 contra
1349 2041 1576 2092 Sarmatas,
1598 2042 1690 2084 Cate-

167 2103 235 2139 tos
260 2103 304 2139 et
333 2097 470 2139 Dacos
499 2099 610 2141 bella
641 2100 749 2154 gerit
786 2106 827 2141 et
853 2098 1088 2152 triumphos
1119 2099 1262 2140 multis
1290 2100 1596 2141 calamitatibus
1626 2113 1690 2140 re-

170 2153 361 2251 demrlatos
389 2157 491 2209 agit.
553 2155 657 2197 Cum
684 2156 846 2197 Romae
875 2155 1007 2196 multa
1037 2167 1165 2209 opera
1203 2157 1401 2206 fecisset,
1451 2159 1502 2198 ob
1533 2157 1691 2198 scelera

168 2212 228 2251 int
303 2211 423 2253 c‘rtur.

272 2281 356 2330 CA
369 2296 414 2329 Ρ.
433 2278 474 2330 1.
518 2280 655 2330 Anno
673 2280 813 2331 Urbis
834 2283 1255 2347 septingentesimo
1281 2282 1386 2331 fere
1405 2296 1461 2330 ac
1477 2295 1601 2330 nono
1621 2283 1689 2330 in·

169 2350 373 2411 tet-fecto
394 2348 602 2399 Caesare
621 2349 748 2400 bella
768 2350 923 2401 civilia
939 2359 1153 2416 reparata
1166 2358 1287 2400 sunt.
1322 2349 1689 2400 Percussoribus
1709 2351 1792 2385 Ml

171 2421 294 2468 enim
322 2418 539 2469 Caesaris
567 2428 756 2469 senatus
790 2420 994 2470 favebat.
1047 2421 1278 2470 Antonius
1305 2420 1470 2470 consul
1491 2421 1689 2485 partium
1708 2407 1782 2441 ⁷⁰⁸·

171 2487 392 2538 Caesaris
425 2488 640 2538 civilibus
669 2489 811 2540 bellis
831 2492 1102 2555 opprimere
1123 2505 1209 2540 eos
1230 2490 1500 2540 conabatur.
1555 2489 1687 2555 Ergo

169 2558 350 2607 turbata
376 2573 430 2607 re
458 2558 647 2623 publica
676 2559 817 2609 multa
844 2559 1078 2610 Antonius
1105 2559 1289 2610 scelera
1330 2562 1624 2609 committens
1662 2575 1687 2609 a
1705 2580 1796 2614 w,

170 2634 334 2677 senatu
362 2628 513 2677 hostis
543 2628 772 2678 iudicatus
802 2637 892 2679 est.
942 2629 1075 2679 Missi
1094 2629 1153 2679 ad
1180 2645 1287 2679 eum
1306 2628 1687 2694 persequendum
1708 2636 1780 2671 ⁷⁰9-

171 2696 265 2746 duo
287 2696 525 2760 consules,
551 2696 699 2748 Pansa
718 2706 764 2748 et
789 2698 983 2763 Hirtius,
1008 2706 1056 2748 et
1080 2698 1364 2749 Octavianus
1382 2699 1684 2761 adolescenS‚

169 2780 316 2815 anuos
340 2782 371 2815 x
390 2773 438 2816 et
454 2783 545 2818 vm
563 2774 715 2831 natus,
737 2766 952 2818 Caesaris
963 2783 1133 2833 napea,
1150 2783 1289 2833 quem
1308 2768 1388 2817 ille
1406 2776 1686 2819 testamento

170 2834 395 2884 heredem
421 2835 676 2900 reliquerat
707 2844 755 2885 et
788 2851 957 2886 nomen
993 2853 1126 2886 suum
1158 2838 1284 2887 ferre
1320 2840 1539 2887 iusserat.
1597 2837 1686 2888 Hic
