2026 3238
703 194 1061 241 LIBERVll.
1572 189 1641 240 49

121 349 203 383 rea
223 333 407 396 dicitur,
436 347 541 381 cum
559 330 749 380 Mazaca
767 337 900 378 antea
922 337 1185 378 vocaretur.
1242 327 1329 377 Hic
1348 330 1486 377 tertio
1511 338 1556 377 et
1575 330 1642 377 vi·
1682 336 1710 368 P

121 405 306 467 gesimo
328 403 510 466 imperii
529 415 668 463 annn,
691 399 856 449 aetatis
876 399 1230 463 septuagesimo
1243 405 1433 460 octava,
1461 399 1639 461 ingenti
1662 393 1737 426 (ΣΝ

123 473 324 521 omnium
343 471 516 536 gaudio
538 477 748 519 mortuus
775 475 848 517 est
866 469 912 516 in
933 465 1200 532 Campania.
1670 449 1722 482 3⁷·

229 542 373 591 Car.
393 540 499 590 XII.
535 537 694 605 (vn.)
739 538 986 586 Successit
1006 539 1049 586 ei
1071 537 1213 587 Caius
1236 536 1431 600 Caesar,
1463 550 1640 600 cogno·

123 618 280 660 mento
307 609 539 674 Caligula,
571 609 732 671 Drusi,
755 608 957 671 privigni
979 607 1200 671 Augusti,
1224 614 1270 655 et
1290 608 1441 671 ipsius
1464 605 1641 654 Tiberii

122 695 293 744 nepos,
317 679 710 728 sceleratissimus
736 692 792 727 ac
823 677 1191 739 funestissimus,
1231 684 1279 725 et
1300 678 1378 741 qui
1405 678 1543 725 etiam
1566 675 1640 723 Ti-

123 750 241 798 berii
261 749 497 798 dedecora
510 748 792 812 purgaverit.
831 746 1011 795 Bellum
1031 753 1192 795 contra
1206 745 1464 795 Germanos
1478 760 1640 794 susce-

122 820 207 882 pit,
229 826 276 867 et
294 820 537 883 ingressus
558 818 775 865 Sueviam
801 816 914 864 nihil
935 823 1123 864 strenue
1144 816 1275 864 fecit.
1319 816 1489 880 Stupra
1509 829 1641 864 soro-

120 887 250 937 ribus
270 887 440 951 intulit,
472 903 532 936 ex
551 902 640 936 una
660 887 798 935 etiam
821 885 960 934 liliam
984 886 1189 949 agnovit.
1259 883 1376 933 Cum
1396 885 1643 933 adversum

122 964 318 1007 cunctos
334 959 511 1021 ingenti
538 957 744 1018 avaritia,
778 954 987 1018 libidine,
1011 953 1284 1003 crudelitate
1310 955 1541 1017 saeviret,
1574 955 1639 1002 in-

120 1026 348 1076 terfectus
383 1028 428 1074 in
456 1026 629 1090 palatio
667 1032 741 1073 est
777 1038 895 1073 anno
929 1026 1094 1074 aetatis
1122 1040 1279 1086 xx1x.,
1324 1025 1507 1088 imperii
1544 1040 1637 1086 111.,

120 1111 281 1145 mense
303 1113 348 1144 x.
373 1095 546 1160 dieque
567 1113 672 1144 viu.

227 1166 312 1214 CA
329 1182 374 1213 r.
399 1163 529 1213 XIII.
559 1162 739 1229 (VIII.)
783 1162 895 1211 Post
923 1162 1046 1211 hunc
1067 1161 1289 1211 Claudius
1314 1162 1418 1224 fuit,
1447 1169 1638 1226 patruus

23 1259 36 1268 ·
121 1234 380 1298 Caligulae,
400 1233 561 1296 Drusi,
585 1234 663 1297 qui
690 1233 812 1296 apud
827 1231 1177 1295 Mogontiacum
1191 1239 1537 1280 monumentum
1559 1231 1638 1280 ha·

118 1303 216 1365 bet,
241 1303 381 1365 filius,
408 1304 541 1351 cuius
570 1309 618 1351 et
637 1300 850 1365 Caligula
875 1315 1027 1365 nepos
1051 1308 1164 1350 erat.
1211 1300 1299 1350 Hic
1318 1300 1473 1349 medie
1492 1301 1638 1364 impe-

120 1374 264 1437 ravit,
301 1371 444 1421 multa
462 1386 636 1436 gerens
664 1370 914 1435 tranquille
943 1378 1084 1436 atque
1106 1369 1370 1432 moderate,
1410 1368 1639 1434 quaedam

24 1454 28 1464 ²
119 1441 370 1491 crudeliter
394 1447 443 1490 et
459 1441 662 1490 insulse.'
707 1439 973 1488 Britanniae
994 1440 1165 1488 bellum
1186 1440 1354 1503 intulit,
1377 1454 1513 1504 quam
1537 1438 1636 1487 nul-

118 1511 191 1560 lus
210 1510 527 1560 Romanorum
547 1518 657 1574 post
675 1509 842 1558 Iulium
854 1508 1104 1558 Caesarem
1124 1511 1356 1573 attigerat,
1381 1523 1534 1573 eaque
1555 1508 1635 1556 de-

117 1583 243 1629 victa
271 1595 359 1644 per
378 1579 462 1630 Cn.
484 1580 693 1628 Sentium
713 1587 760 1627 et
786 1579 843 1627 A.
863 1577 1108 1641 Plautium,
1147 1578 1354 1627 illustres
1380 1586 1430 1627 et
1450 1577 1637 1626 nobiles
1682 1591 1710 1624 P

117 1652 275 1712 vir05,
302 1650 583 1713 triumphum
611 1647 850 1697 celebrem
873 1650 987 1711 egit.
1041 1647 1276 1707 Quasdam
1295 1647 1472 1696 insulas
1499 1648 1638 1695 etiam
1657 1649 1741 1682 ‘3⁶³⁴'-

119 1719 238 1768 ultra
256 1718 535 1767 Britanniam
554 1720 601 1766 in
622 1717 814 1766 Oceano
849 1719 1028 1780 positas
1046 1717 1256 1765 Romano
1288 1718 1487 1780 imperio
1509 1715 1636 1765 addi·
1668 1706 1721 1737 ⁴¹3·

24 1837 27 1843 ,
120 1788 202 1851 dit,
233 1803 355 1853 quae
376 1787 671 1851 appellantur
693 1785 928 1848 OrcadeS,
963 1786 1155 1850 filioque
1176 1800 1262 1834 suo
1281 1785 1531 1834 Britannici
1552 1798 1636 1833 no·

118 1873 224 1908 men
247 1858 487 1921 imposuit.
543 1855 656 1904 Tam
683 1855 835 1904 civilis
863 1863 1018 1904 autem
1049 1857 1174 1904 circa
1203 1854 1430 1919 quosdam
1457 1855 1636 1903 amicos

121 1929 314 1989 exstitit,
337 1934 385 1975 ut
405 1927 542 1975 etiam
562 1924 813 1987 Plautium,
843 1924 1048 1973 nobilem
1072 1924 1239 1987 virum,
1274 1926 1352 1989 qui
1378 1925 1424 1972 in
1445 1923 1635 1988 expedi-

119 1999 248 2045 tione
268 1996 528 2044 Britannica
546 1995 688 2044 multa
712 1995 910 2058 egregie
930 1994 1127 2055 fecerat,
1148 1994 1504 2057 triumphantem
1529 1995 1635 2056 ipse

120 2072 489 2130 prosequeretur
513 2073 561 2113 et
586 2063 921 2113 conscendenti
954 2061 1236 2127 Capitolium
1256 2062 1419 2111 laevus
1446 2062 1635 2110 incede·
1669 2075 1711 2107 P.

26 2167 31 2182 ,-
119 2143 206 2184 ret.
260 2134 308 2183 Is
338 2136 454 2183 vixit
482 2148 631 2183 annos
651 2151 700 2183 1v
721 2141 770 2181 et
788 2150 866 2195 nx,
899 2133 1145 2196 imperavit
1163 2149 1260 2181 nv.
1307 2131 1421 2179 Post
1439 2138 1636 2179 mortem
1653 2131 1733 2165 GN

27 2200 34 2233 Ῑ
121 2211 424 2253 consecratus
445 2211 518 2251 est
535 2203 781 2266 Divusque
798 2201 1076 2266 appellatus.

1666 2189 1707 2222 54

227 2274 369 2322 cn.
395 2270 520 2321 XIV.
547 2270 685 2336 (lx.)
738 2270 999 2318 Successit«
1025 2270 1134 2318 huic
1172 2268 1327 2331 Nero,
1372 2267 1633 2332 Caligulae,

27 2330 38 2398 f
121 2342 351 2392 avunculo
371 2355 477 2403 suo,
510 2340 795 2401 simillimae,
828 2341 907 2403 qui
931 2340 1178 2403 imperium
1196 2338 1456 2387 Romanum
1486 2345 1534 2386 et
1554 2336 1634 2386 de-

26 2464 34 2524 -0‚„

28 2891 42 3238 ’na-..m-—aeae-›mae-vflau
27 2702 38 2877 ...ιον-αν
27 2590 38 2689 m-‹stv-
27 2555 35 2574 w

121 2412 337 2461 formavit
357 2418 404 2459 et
423 2410 649 2472 diminuit,
671 2410 918 2458 inusitatae
943 2408 1154 2458 luxuriae
1174 2415 1553 2472 sumptuumque,
1586 2414 1635 2454 ut

122 2484 200 2547 qui
221 2480 439 2546 exemplo
460 2478 561 2530 Caii
590 2478 832 2543 Caligulae
860 2477 1024 2527 calidis
1060 2486 1107 2527 et
1132 2478 1316 2541 frigidis
1345 2477 1522 2526 lavaret
1551 2491 1633 2524 un-

122 2553 337 2616 guentiS,
374 2550 553 2599 retibus
572 2550 726 2598 aureis
745 2551 1033 2612 piscaretur,
1071 2562 1191 2613 quae
1218 2547 1423 2596 blattinis
1446 2545 1634 2595 funibus

124 2620 412 2669 extrahebat.
472 2618 698 2668 Infinitam
742 2625 922 2683 partem
962 2624 1150 2667 senatus
1194 2617 1458 2679 interfecit,
1496 2616 1634 2664 bonis

123 2690 337 2739 omnibus
358 2690 509 2738 hostis
522 2688 623 2738 fuit.
661 2687 735 2737 Ad
745 2695 1034 2752 postremum
1045 2702 1098 2736 se
1115 2694 1242 2736 tanto
1264 2685 1504 2735 dedecore
1523 2699 1633 2750 pro-

123 2760 286 2823 stituit,
314 2766 364 2807 ut
394 2766 441 2807 et
466 2757 654 2807 saltaret
673 2765 719 2806 et
737 2764 946 2806 cantaret
974 2759 1021 2806 in
1041 2770 1183 2806 scena
1202 2754 1523 2804 citharoedico
1548 2755 1629 2803 ha-

122 2829 220 2878 bitu
238 2828 317 2877 vel
334 2830 533 2893 tragico.
595 2826 844 2876 Parricidia
861 2826 1001 2875 multa
1022 2827 1254 2875 commisit
1278 2825 1437 2886 fratre,
1464 2838 1629 2882 uxore,

191 2910 399 2940 amnonius
1379 2906 1411 2954 4
