2026 3238
371 162 438 213 32
944 164 1300 211 EUTROPII

373 308 673 365 quaestorem
699 316 832 349 suum
853 299 1119 348 Cornelium
1138 300 1329 363 Sullam,
1352 302 1587 364 ingentem
1606 303 1770 364 virum,
1793 309 1879 350 tra-

373 370 513 418 dente
531 370 725 419 Boccho
751 369 1043 433 lugurtham,
1078 371 1158 434 qui
1180 384 1265 433 pro
1293 383 1352 418 eo
1372 378 1478 418 ante
1501 377 1805 434 pugnaverat.
1842 372 1882 419 A

269 446 358 478 MJ-
374 438 438 488 M.
460 438 592 488 Iunio
611 439 769 489 Silano
783 476 797 502 ,
829 438 1015 502 collega
1035 437 1094 498 Q.
1115 438 1320 502 Metelli,
1361 439 1532 488 Cimbri
1551 442 1599 488 in
1619 438 1766 488 Gallia
1785 447 1834 488 et
1857 455 1884 489 a

268 502 342 536 ⁶⁴5·
374 508 580 557 Minucio
600 509 724 558 Rufo
741 511 788 557 in
806 507 1082 557 Macedonia
1101 508 1340 558 Scordisci
1368 516 1416 558 et
1433 507 1642 571 Triballi,
1666 515 1712 557 et
1730 523 1757 558 a
1777 509 1884 558 Ser·

271 561 360 648 ἔξ·
375 577 488 626 vilio
516 577 757 643 Caepione
801 580 848 626 in
875 577 1097 641 Hispania
1136 577 1339 627 Lusitani
1373 580 1485 626 victi
1521 586 1641 627 sunt.
1699 577 1760 626 Et
1792 578 1883 626 duo

267 639 354 706 Mi,
375 647 592 711 triumphi
618 648 677 696 de
696 648 935 711 Iugurtha,
967 648 1143 711 primus
1163 662 1249 711 per
1265 647 1524 710 Metellum,
1544 647 1780 697 secundus
1801 662 1885 711 per

270 729 345 763 647.
375 714 567 764 Marium
589 720 679 766 acti
706 724 826 766 sunt.
874 716 998 765 Ante
1016 731 1199 765 currum
1215 723 1369 766 tamen
1388 716 1519 767 Marii
1538 716 1759 782 Iugurtha
1782 731 1887 766 cum

376 784 558 835 duobus
583 786 688 836 filiis
709 787 874 836 ductus
894 792 968 835 est
988 794 1225 835 catenatus
1249 794 1295 835 et
1314 800 1422 835 mox
1445 788 1576 835 iussu
1604 786 1811 836 consulis
1839 787 1884 834 in

377 870 567 904 carcere
587 857 914 921 strangulatus.

753 1123 1032 1177 LIBER
1093 1123 1512 1186 QUINTUS.

906 1291 1356 1332 Anauumt'run.

479 1383 515 1423 l.
545 1381 586 1422 2.
645 1381 806 1423 Bellum
836 1382 1086 1423 Cimbricum
1116 1384 1240 1423 sociis
1270 1381 1568 1422 Germanorum
1608 1388 1648 1420 et
1680 1379 1889 1421 Gallorum

374 1440 567 1493 gentibus
595 1445 692 1492 post
721 1451 919 1493 magnam
949 1440 1112 1480 cladem
1131 1451 1429 1493 compressum.
1477 1435 1520 1479 3.
1550 1437 1713 1477 Bellum
1735 1437 1889 1477 sociale

374 1497 417 1536 in
453 1496 572 1536 Italia
602 1509 764 1537 summo
795 1509 934 1537 rerum
973 1497 1210 1538 discrimine
1241 1502 1422 1550 gestum.
1493 1492 1536 1535 4.
1569 1494 1731 1534 Bellum
1768 1495 1890 1535 civile

373 1554 568 1606 primum,
600 1565 677 1593 seu
706 1553 953 1595 Marianum.
1014 1551 1141 1595 5-9,
1170 1554 1333 1595 Bellum
1361 1552 1702 1602 Mithridaticum,
1730 1552 1798 1591 cui
1827 1552 1889 1591 in-

374 1611 604 1663 terponitur
630 1609 864 1660 Thracium,
897 1617 938 1651 et
967 1610 1144 1652 Mariani
1174 1610 1428 1651 continuatio
1462 1615 1502 1649 et
1529 1609 1638 1649 finis.

476 1681 619 1730 Gar.
655 1680 693 1729 l.
751 1680 874 1729 Dum
907 1681 1082 1729 bellum
1109 1683 1157 1729 in
1184 1678 1399 1745 Numidia
1429 1685 1590 1727 contra
1624 1677 1877 1741 Iugurthain

373 1752 569 1814 geritur,
591 1749 788 1798 Romani
810 1750 1033 1799 consules
1051 1749 1115 1799 M.
1140 1749 1340 1799 Manlius
1368 1756 1415 1797 et
1437 1747 1496 1808 Q.
1519 1747 1698 1810 Caepio
1719 1762 1745 1795 a
1767 1745 1883 1794 Cim·

375 1820 470 1868 bris
491 1827 540 1867 et
558 1818 849 1868 Teutonibus
868 1827 916 1867 et
941 1820 1175 1882 Tigurinis
1196 1826 1244 1866 et
1261 1816 1594 1878 Ambronibus,
1618 1830 1740 1879 quae
1761 1823 1890 1863 erant

376 1887 707 1938 Germanorum
733 1894 781 1936 et
807 1886 1045 1937 Gallorum
1063 1895 1260 1951 genteS,
1300 1887 1412 1935 victi
1441 1892 1547 1934 sunt
1575 1887 1701 1934 iuxta
1717 1884 1890 1933 flumen

374 1957 674 2019 Rhodanum,
720 1963 768 2006 et
793 1958 970 2020 ingenti
996 1957 1318 2005 internecione
1350 1955 1530 2019 [attriti]
1564 1956 1702 2003 etiam
1739 1961 1889 2002 castra

375 2041 459 2075 sua
478 2033 527 2074 et
543 2040 755 2089 magnam
774 2033 954 2090 partem
973 2028 1209 2074 exercitus
1244 2024 1561 2088 perdiderunt.
1618 2022 1776 2072 Timor
1793 2022 1888 2072 Ro·

375 2110 476 2144 mae
493 2094 685 2159 grandis
702 2094 813 2157 fuit,
851 2102 1047 2159 quantus
1074 2096 1153 2145 vix
1175 2093 1463 2155 Hannibalis,
1495 2101 1710 2156 tempore
1729 2091 1889 2140 Punici

375 2164 507 2228 belli,
535 2179 595 2212 ne
618 2165 784 2212 iterum
805 2163 924 2213 Galli
943 2164 1139 2213 Romam
1158 2165 1386 2213 venirent.
1434 2162 1564 2226 Ergo
1583 2161 1759 2211 Marius
1779 2168 1890 2225 post

372 2234 616 2282 victoriam
641 2234 954 2298 Iugurthinam
973 2231 1184 2282 secundo
1217 2232 1383 2283 consul
1403 2239 1477 2281 est
1495 2232 1667 2294 factuS,
1692 2231 1887 2280 bellum-

374 2317 467 2367 que
493 2303 539 2351 ei
561 2309 722 2351 contra
742 2302 958 2352 Cimbros
981 2311 1030 2352 et
1049 2302 1286 2352 Teutonas
1315 2302 1555 2351 decretum
1585 2308 1672 2350 est.
1730 2299 1888 2349 Tertio

374 2386 568 2436 quoque
595 2373 639 2420 ei
673 2379 722 2420 et
747 2379 912 2436 quarto
946 2372 1126 2421 delatus
1157 2379 1231 2421 est
1259 2370 1556 2433 consulatus,
1588 2371 1696 2434 quia
1715 2368 1888 2419 bellum

374 2440 655 2490 Cimbricum
678 2441 1049 2505 protrahebatur.
1101 2441 1197 2490 Sed
1217 2442 1263 2489 in
1284 2447 1448 2504 quarto
1471 2439 1715 2488 consulatu
1742 2437 1888 2487 colle-

371 2525 478 2574 gam
513 2510 672 2559 habuit
709 2509 767 2569 Q.
798 2509 1027 2559 Lutatium
1066 2509 1292 2559 Catulum.
1356 2508 1469 2558 Cum
1496 2508 1694 2558 Cimbris
1731 2510 1887 2573 itaque

373 2579 598 2640 conflixit,
620 2587 669 2627 et
687 2579 871 2628 duobus
891 2578 1087 2642 proeliis
1109 2597 1167 2629 cc
1185 2578 1311 2628 milia
1330 2579 1533 2628 hostium
1553 2578 1743 2640 cecidit,
1766 2592 1888 2628 cxxx

371 2646 497 2696 milia
530 2649 657 2711 cepit
681 2655 729 2697 et
754 2647 921 2696 ducem
958 2662 1119 2698 eorum
1150 2647 1504 2711 Teutobodum,
1531 2655 1729 2712 propter
1760 2645 1886 2712 quod

372 2716 584 2764 meritum
607 2717 779 2766 absens
802 2719 962 2781 quinto
985 2718 1151 2767 consul
1171 2725 1244 2766 est
1262 2718 1428 2767 factus.

479 2785 562 2834 CA
578 2801 620 2834 r.
656 2784 716 2834 11.
749 2784 933 2835 Interea
959 2786 1130 2835 Cimbri
1159 2795 1205 2835 et
1224 2786 1486 2852 Teutones,
1523 2800 1720 2851 quorum
1747 2787 1886 2849 copia
