2026 3238
762 167 987 213 LIBER
1031 169 1095 213 lv.
1618 166 1685 215 29

171 306 400 366 ventium,
437 310 596 352 contra
619 318 673 351 se
696 303 890 351 missum
921 302 979 350 ad
1004 302 1372 351 internecionem
1393 304 1523 352 vicit.
1575 303 1687 352 Post

172 389 278 423 eum
300 373 360 433 Q.
384 371 619 422 Caecilius
642 371 864 421 Metellus
883 371 976 420 dux
1006 386 1032 419 a
1050 370 1274 420 Romanis
1296 378 1456 421 contra
1476 371 1684 421 Pseudo-

169 442 433 507 philippum
454 443 625 490 missus
647 448 721 490 est
741 449 788 489 et
805 457 899 492 xxv
919 440 1105 489 milibus
1137 455 1197 490 ex
1218 441 1441 490 militibus
1470 443 1571 490 eius
1604 456 1684 490 oc·

169 513 283 561 cisis
301 510 622 560 Macedoniam
645 512 853 574 recepit,
887 512 1041 573 ipsum
1081 511 1218 558 etiam
1237 509 1682 575 Pseudophilippum

168 583 214 630 in
239 587 521 645 potestatem
542 595 671 628 suam
696 580 898 645 redegit.

274 650 417 699 cst.
441 648 567 697 XIV.
628 646 882 697 Corinthiis
916 662 1108 713 quoque
1136 648 1309 698 bellum
1333 649 1558 698 indictum
1590 657 1680 711 est,

167 719 485 771 nobilissimae
506 716 732 767 Graeciae
757 721 949 782 civitati,
972 726 1168 783 propter
1186 720 1397 768 iniuriam
1422 719 1682 783 legatorum

166 788 494 837 Romanorum.
526 787 655 837 Hanc
673 787 919 837 Mummius
939 787 1105 837 consul
1130 790 1258 852 cepit
1285 803 1341 837 ac
1364 787 1518 837 diruit.
1566 786 1680 837 Tres
1707 809 1794 845 An,

166 857 495 922 igiturRomae
516 856 652 906 simul
670 857 966 908 celeberrimi
984 858 1203 921 triumphi
1229 857 1438 907 fuerunt:
1474 855 1682 907 Africani
1700 867 1778 902 606.

166 941 228 978 ex
239 926 418 988 Africa,
446 934 552 977 ante
572 928 705 976 cuius
721 942 903 977 currum
922 927 1089 976 ductus
1111 934 1184 975 est
1202 925 1479 989 Hasdrubal,
1500 925 1681 976 Metelli

167 1011 227 1045 ex
261 995 557 1058 Macedonia,
581 997 715 1045 cuius
742 1012 927 1045 currum
966 997 1230 1060 praecessit
1270 995 1556 1059 Andriscus,
1602 997 1680 1060 qui

167 1073 214 1113 et
254 1065 682 1129 Pseudophilippus
696 1103 711 1128 ,
756 1065 962 1114 Mummii
997 1081 1056 1114 ex
1094 1064 1347 1126 Corintho,
1402 1073 1509 1114 ante
1543 1080 1683 1130 quem

166 1136 301 1198 signa
332 1149 480 1183 aenea
506 1142 553 1183 et
584 1137 738 1198 pictae
757 1135 945 1184 tabulae
971 1142 1018 1183 et
1037 1135 1127 1183 alia
1151 1135 1280 1183 urhis
1300 1133 1587 1184 clarissimae
1607 1149 1681 1183 or-

164 1210 378 1253 namenta
402 1203 609 1266 praelata
630 1212 752 1252 sunt.

266 1272 351 1320 CA
364 1288 410 1320 P.
431 1271 534 1321 XV.
548 1271 703 1337 (VII.)
730 1271 905 1321 Iterum
923 1272 1254 1323 inMacedonia
1272 1271 1679 1335 Pseudoperseus‚
1703 1288 1791 1321 Ab.

165 1343 243 1405 qui
264 1356 318 1389 se
335 1339 499 1390 Persei
519 1341 662 1390 filium
682 1357 793 1390 esse
817 1341 1027 1404 dicebat,
1059 1341 1275 1390 collectis
1301 1341 1506 1390 servitiis
1525 1339 1681 1389 rebel·
1705 1344 1767 1377 ⁶¹⁰

163 1410 292 1473 lavit,
315 1418 363 1459 et
382 1425 486 1459 cum
505 1410 744 1459 sexdecim
763 1418 1039 1460 armatorum
1055 1411 1178 1459 milia
1199 1411 1412 1473 haberet,
1433 1426 1460 1459 a
1474 1409 1681 1459 Tremel·

164 1479 228 1528 lio
251 1487 503 1543 quaestore
517 1487 769 1544 ‘superatus
800 1487 891 1528 est.

272 1549 414 1598 Car.
450 1547 575 1598 XVI.
622 1548 805 1598 Eodem
838 1558 1054 1614 tempore
1088 1547 1308 1598 Metellus
1342 1550 1391 1598 in
1425 1547 1681 1598 Celtiberia
1703 1572 1793 1605 ΑΛ),

164 1618 288 1682 apud
307 1617 543 1683 Hispanos
561 1633 640 1667 res
661 1619 881 1683 egregias
901 1619 1067 1682 gessit.
1115 1618 1360 1667 Successit
1387 1620 1432 1667 ei
1462 1617 1521 1678 Q.
1540 1617 1675 1666 Pom·
1704 1627 1766 1662 61⁰

165 1689 318 1751 peius.
356 1687 461 1736 Nec
478 1686 623 1736 multo
646 1695 757 1751 post
782 1686 842 1747 Q.
871 1702 1062 1752 quoque
1083 1686 1264 1752 Caepio
1288 1686 1347 1737 ad
1365 1687 1490 1736 idem
1509 1686 1684 1736 bellum
1702 1685 1780 1718 ‘ss'

166 1758 336 1805 missus
358 1764 448 1819 est,
471 1756 598 1820 quod
620 1756 805 1820 quidam
821 1756 1058 1805 Viriathus
1079 1764 1240 1805 contra
1258 1756 1498 1806 Romanos
1525 1757 1574 1804 in
1592 1755 1680 1805 Lu·
1708 1741 1784 1775 ⁶¹¹·

164 1827 330 1875 sitania
348 1825 561 1890 gerebat.
604 1823 713 1885 Quc
732 1834 858 1874 metu
876 1825 1110 1874 Viriathus
1130 1841 1157 1874 a
1177 1827 1274 1874 suis
1293 1825 1567 1874 interfectus
1588 1832 1678 1888 est,

165 1910 270 1943 cum
306 1894 660 1959 quatuordecim
703 1896 834 1943 annis
874 1893 1122 1958 Hispanias
1159 1894 1407 1944 adversum
1441 1894 1681 1944 Romanos

163 1966 407 2013 movisset.
444 1963 611 2013 Pastor
637 1964 787 2028 primo
804 1963 909 2027 fuit,
931 1978 1041 2013 mox
1058 1963 1288 2013 latronum
1306 1964 1415 2026 dux,
1438 1971 1680 2028 postremo

163 2041 316 2083 tantos
341 2033 400 2083 ad
426 2033 603 2082 bellum
635 2032 843 2098 populos
880 2035 1157 2096 concitavit,
1193 2041 1245 2082 ut
1278 2040 1490 2082 assertor
1519 2040 1681 2082 contra

163 2102 405 2153 Romanos
426 2102 682 2168 Hispaniae
698 2109 956 2167 putaretur.
1011 2102 1198 2152 Etcum
1224 2104 1558 2152 interiectores
1579 2104 1681 2151 eius

162 2173 419 2236 praemium
456 2187 483 2221 a
511 2171 757 2239 Caepione
792 2171 989 2221 consule
1014 2178 1257 2236 peterent,
1300 2186 1582 2237 responsum
1610 2179 1683 2220 est

164 2254 422 2305 nunquam
437 2241 681 2291 Romanis
693 2242 970 2305 placuisse,
994 2241 1355 2304 imperatorem
1372 2257 1407 2291 a
1424 2243 1532 2292 sais
1551 2243 1681 2292 mili-

166 2311 298 2360 tt‘bus
318 2310 549 2373 interfici.

272 2379 416 2428 Car.
434 2376 583 2428 XVII.
600 2378 782 2445 (vm.)
806 2378 865 2439 Q.
885 2378 1137 2443 Pompeius
1158 2378 1329 2428 deinde
1351 2379 1515 2429 consul
1534 2395 1561 2429 a
1580 2379 1678 2428 Nu·
1687 2394 1776 2427 Α.υ.

165 2449 399 2511 mammis,
414 2463 535 2513 quae
547 2447 802 2513 Hispaniae
815 2450 979 2498 civitas
991 2449 1077 2498 fuit
1086 2448 1462 2513 opulentissima,
1486 2463 1678 2513 supera·
1689 2449 1765 2483 6¹¹·

165 2524 240 2567 tus
260 2531 425 2581 pacem
437 2518 694 2582 ignobilem
714 2518 845 2567 fecit.
882 2517 996 2567 Post
1014 2534 1120 2567 eum
1131 2517 1182 2568 C.
1194 2517 1424 2567 Hostilius
1435 2517 1679 2568 Mancinus
1689 2507 1774 2597 gif·

167 2585 335 2635 consul
353 2587 519 2636 iterum
540 2602 644 2636 cum
655 2587 944 2637 Numantinis
966 2602 1132 2652 pacem
1151 2588 1267 2637 fecit
1284 2587 1519 2650 infamem,
1543 2603 1679 2652 quam
1755 2587 1763 2598 ‘

167 2655 373 2719 populus
397 2663 446 2704 et
471 2664 658 2706 senatus
691 2658 828 2706 iussit
852 2657 1043 2722 infringi
1072 2666 1214 2722 atque
1238 2659 1392 2722 ipsum
1418 2657 1679 2707 Mancinum

168 2725 382 2775 hostibus
407 2724 551 2789 tradi,
590 2733 642 2775 ut
666 2726 841 2789 inille,
885 2742 1026 2791 quem
1044 2734 1286 2776 auctorem
1305 2727 1516 2776 foederis
1537 2727 1678 2777 habe-

167 2793 293 2858 bant,
316 2795 525 2844 iniuriam
545 2794 687 2844 soluti
706 2795 915 2844 foederis
934 2795 1238 2845 vindicarent.
1268 2794 1381 2845 Post
1403 2803 1575 2846 tantam
1592 2797 1680 2859 igi-
