2026 3238
358 167 425 214 60
932 168 1291 214 EUTROPII

357 318 443 350 vus
464 304 570 364 iam,
590 310 641 350 ut
661 304 739 366 qui
764 305 1166 366 septuagenariam
1187 304 1420 367 attigisset
1445 310 1661 364 aetatem,
1686 303 1870 365 praefe-

275 418 301 449 Ρ
359 379 534 419 cturam
555 372 655 419 urbi
682 380 777 420 tum
798 387 969 435 agens,
1009 387 1067 420 ex
1086 372 1133 420 S.
1157 370 1211 419 C.
1244 373 1475 435 imperare
1502 373 1673 419 iussus,
1729 370 1870 420 Octo·

245 443 339 508 cjff·
357 442 539 503 gesimo
577 442 759 504 imperii
788 441 863 489 die
904 443 1298 505 praetorianorum
1325 440 1518 488 militum
1555 439 1788 489 seditione
1826 448 1870 488 et

256 531 325 563 ιω,
359 508 521 559 Iuliani
545 510 731 558 scelere
750 511 939 558 occisus
962 517 1049 557 est.

462 579 547 627 CA
561 595 604 626 r.
627 577 775 627 XVII.
797 578 935 643 (lx.)
972 578 1084 627 Post
1113 593 1218 627 eum
1235 577 1420 626 Salvius
1440 577 1644 626 Iulianus
1663 593 1764 626 rem
1789 592 1871 640 pu-

353 647 521 697 blicam
541 649 735 709 invasit,
764 649 837 695 vir
855 647 1028 695 nobilis
1057 655 1104 695 et
1121 649 1223 695 iure
1243 649 1575 710 peritissimuS,
1597 661 1749 710 nepos
1772 646 1870 695 Sal-

352 718 416 765 vii
445 715 636 779 Iuliani,
677 717 754 780 qui
783 717 871 765 sub
893 716 1000 764 divo
1020 715 1253 765 Hadriano
1279 724 1578 781 perpetuum
1608 717 1872 779 composuit

353 787 588 835 edictum.
642 785 807 834 Victus
828 793 901 834 est
919 801 946 834 a
966 786 1145 834 Severo
1170 785 1294 849 apud
1313 785 1534 834 Mulvium
1556 794 1773 849 pontem,
1804 786 1870 833 in-

352 855 579 903 terfectus
617 857 662 904 in
699 854 889 917 palatio.
943 855 1071 903 Vixit
1097 855 1336 903 mensibus
1368 863 1578 918 septem,
1624 862 1871 918 postquam

355 931 583 987 coeperat
607 925 855 987 imperare.

459 993 598 1041 CAr.
622 991 792 1041 XVIII.
816 993 929 1058 (X.)
986 991 1104 1040 Hinc
1135 994 1317 1054 imperii
1346 993 1543 1040 Romani
1577 992 1868 1040 administra—

351 1064 527 1110 tionem
563 1063 816 1124 Septimius
850 1063 1058 1111 Severus
1092 1063 1303 1124 accepit,
1344 1060 1565 1109 oriundus
1601 1075 1661 1109 ex
1691 1060 1870 1122 Africa,

352 1132 595 1194 provincia
614 1129 917 1194 Tripolitana,
947 1130 1125 1193 oppido
1152 1129 1304 1193 Lepti.
1363 1130 1502 1178 Solus
1545 1132 1666 1178 omni
1695 1144 1870 1178 memo·

352 1202 419 1248 ria
446 1208 493 1247 et
512 1208 618 1248 ante
639 1208 685 1248 et
712 1208 879 1263 postea
901 1216 959 1248 ex
970 1200 1128 1248 Africa
1154 1201 1409 1263 imperator
1429 1199 1530 1248 fuit.
1569 1200 1654 1248 Hic
1675 1201 1869 1262 primum

353 1271 454 1317 fisci
475 1269 746 1331 advocatus,
784 1284 892 1318 mox
918 1269 1128 1317 militaris
1158 1270 1394 1330 tribunus,
1434 1284 1521 1332 per
1538 1269 1678 1317 multa
1700 1269 1870 1317 deinde

353 1353 408 1387 ac
435 1340 563 1387 varia
581 1339 739 1387 officia
765 1347 906 1403 atque
931 1340 1137 1387 honores
1162 1354 1314 1402 usque
1341 1338 1399 1388 ad
1423 1338 1863 1388 administrationem

354 1409 496 1456 totius
515 1410 583 1456 rei
611 1408 830 1472 publicae
848 1411 992 1457 venit.
1031 1407 1319 1457 Pertinacem
1340 1424 1392 1456 se
1413 1408 1639 1472 appellari
1658 1407 1808 1455 voluit
1823 1409 1866 1459 in

354 1479 579 1527 honorem
624 1479 726 1526 eius
765 1478 1047 1539 Pertinacis,
1090 1479 1168 1541 qui
1207 1493 1233 1525 a
1266 1476 1445 1526 Iuliano
1475 1479 1627 1526 fuerat
1660 1478 1868 1526 occisus,

350 1545 523 1595 Parcus
548 1546 792 1595 admodum
818 1547 920 1607 fuit,
944 1555 1102 1596 natura
1126 1562 1311 1595 saevus.
1364 1547 1494 1595 Bella
1521 1546 1662 1595 multa
1691 1553 1739 1594 et
1762 1546 1867 1594 feli·

353 1618 470 1663 citer
486 1617 652 1679 gessit.
692 1615 1000 1664 Pescennium
1026 1616 1247 1679 Nigrum,
1283 1618 1361 1680 qui
1382 1618 1426 1664 in
1447 1618 1671 1679 Aegypto
1706 1623 1754 1664 et
1778 1616 1865 1680 Sy-

351 1686 417 1733 ria
437 1685 773 1747 rebellaverat,
819 1685 943 1749 apud
970 1684 1195 1750 Cyzicum
1229 1686 1480 1738 interfecit.
1535 1685 1731 1735 Parthos
1754 1686 1868 1732 vicit

351 1762 399 1801 et
417 1753 597 1803 Arabas
619 1755 867 1802 interiores
896 1763 942 1802 et
965 1754 1253 1803 Adiabenos.
1313 1754 1492 1804 Arabas
1522 1769 1580 1803 eo
1609 1769 1761 1817 usque
1789 1769 1864 1801 su-

351 1825 549 1886 peravit,
582 1832 632 1872 ut
665 1825 802 1871 etiam
828 1826 1116 1886 provinciam
1138 1824 1202 1872 ibi
1226 1824 1421 1872 faceret.
1474 1822 1663 1871 Idcirco
1691 1822 1864 1871 Parthi-

352 1906 452 1954 cus,
467 1892 714 1954 Arabicus,
736 1892 1052 1941 Adiabenicus
1072 1893 1223 1940 dictus
1245 1900 1334 1940 est.
1372 1891 1516 1940 Multa
1535 1900 1634 1940 toto
1655 1892 1866 1940 Romano

267 2002 295 2033 p
355 1962 471 2009 orbe
497 1964 746 2025 reparavit.
790 1963 886 2010 Sub
907 1976 966 2010 eo
989 1964 1127 2010 etiam
1149 1961 1342 2010 Clodius
1366 1961 1580 2024 Albinus,
1607 1963 1685 2025 qui
1711 1963 1758 2009 in
1785 1974 1864 2010 oc-

238 2030 331 2091 ert.
354 2030 554 2078 cidendo
586 2030 829 2079 Pertinace
865 2032 1024 2078 socius
1051 2031 1202 2079 fuerat
1228 2029 1435 2092 Iuliano,
1470 2030 1721 2080 Caesarem
1746 2032 1864 2083 sein

257 2113 324 2148 197.
353 2097 499 2147 Gallia
520 2099 658 2157 fecit,
698 2101 945 2164 victusque
971 2099 1094 2163 apud
1117 2099 1390 2163 Lugdunum
1409 2109 1483 2149 est
1507 2108 1554 2148 et
1571 2101 1863 2149 interfectus.

458 2168 599 2216 Cn.
627 2167 756 2216 XIX.
813 2169 1019 2216 Severus
1040 2176 1193 2217 autem
1215 2178 1402 2232 praeter
1420 2170 1637 2218 bellicam
1668 2170 1865 2233 gloriam

353 2238 490 2285 etiam
512 2237 726 2286 civilibus
747 2237 913 2286 studiis
935 2237 1087 2286 clarus
1116 2239 1202 2286 fuit
1229 2247 1275 2286 et
1306 2239 1455 2287 literis
1480 2238 1674 2301 doctus,
1711 2238 1863 2302 philo·

271 2327 315 2360 ι).
350 2307 549 2369 sophiae
583 2308 826 2356 scientiam
852 2307 910 2355 ad
940 2307 1129 2371 plenum
1159 2308 1374 2370 adeptus.
1420 2307 1738 2356 Novissimum
1766 2308 1864 2356 bel-

238 2383 331 2418 C.N-
351 2375 446 2423 lum
473 2377 518 2424 in
542 2375 774 2424 Britannia
798 2377 982 2438 habuit,
1027 2384 1172 2440 utque
1197 2385 1416 2440 receptas
1449 2379 1713 2441 provincias
1741 2379 1865 2426 omni

247 2441 321 2472 ‘²⁰⁸-
357 2447 608 2494 securitate
622 2447 838 2507 muniret,
869 2445 1039 2493 vallum
1060 2460 1148 2508 per
1164 2462 1295 2494 xxxn
1313 2447 1437 2496 milia
1458 2462 1679 2510 passuum
1701 2463 1728 2495 a
1750 2448 1864 2495 mari

262 2525 303 2559 P.
352 2513 409 2562 ad
429 2529 555 2564 mare
581 2515 785 2562 deduxit.
817 2514 1042 2562 Decessit
1063 2513 1266 2563 Eboraci
1287 2515 1533 2564 admodum
1553 2531 1700 2565 senex
1718 2518 1864 2579 impe·

238 2581 333 2616 GN·
351 2584 405 2631 rii
425 2597 545 2632 anno
565 2591 700 2631 sexto
721 2583 929 2644 decimo,
964 2598 1126 2632 mense
1155 2586 1321 2646 tertio,
1362 2593 1410 2633 et
1426 2585 1575 2635 Divus
1600 2585 1863 2649 appellatus

249 2639 323 2672 ²¹¹·
353 2660 440 2700 est.
498 2651 581 2681 ***
607 2651 724 2708 Nam
744 2651 866 2699 filios
890 2651 1008 2699 duos
1036 2667 1343 2702 successores
1364 2654 1571 2719 reliquit,
1591 2654 1862 2703 Bassianum

353 2727 399 2767 et
429 2719 616 2781 Getam,
657 2720 741 2768 sed
770 2720 994 2769 Bassiano
1023 2722 1242 2770 Antonini
1269 2737 1439 2771 nomen
1465 2739 1492 2772 a
1526 2732 1690 2772 senatu
1715 2722 1863 2770 voluit

350 2789 540 2851 imponi.
601 2787 764 2853 ltaque
787 2789 936 2837 dictus
963 2797 1035 2838 est
1062 2790 1124 2838 M.
1151 2791 1371 2840 Aurelius
1398 2793 1655 2841 Antoninus
1677 2791 1859 2839 Bassia-
