2026 3238
1668 194 1692 223 V

188 321 426 383 babemus,
454 332 548 367 non
571 316 809 366 incondite
828 316 1054 380 scriptum
1075 325 1165 380 est,
1198 324 1245 365 et
1265 318 1536 381 perspicue,
1571 323 1621 365 ut
1639 316 1694 364 ti·

185 418 348 453 ronum
365 402 574 452 manibus
593 402 771 451 versari
798 401 976 465 possit,
1019 406 1293 464 excerptum
1318 416 1378 449 ex
1405 401 1693 463 auctoribus,

185 501 305 552 quos
337 486 553 535 conferre
578 483 717 547 licet,
752 491 799 532 et
827 486 903 548 qui
932 485 1191 548 perierunt;
1227 483 1349 533 unde
1370 484 1568 534 subinde
1593 496 1693 532 uar-

182 579 268 634 rat,
310 570 369 618 de
390 568 557 633 quibus
579 567 656 617 alii
681 575 836 617 tacent
863 567 937 616 vel
962 566 1147 616 diversa
1167 566 1487 630 prodiderunt.
1535 565 1695 614 Insunt

183 651 408 718 quaedam
429 652 669 715 vergentis
691 651 857 700 aetatis
871 687 886 714 ‚
914 649 1106 699 ferenda
1127 652 1285 714 potius
1308 664 1444 716 quam
1463 649 1694 698 imitanda.

182 734 233 785 ln
261 736 392 785 annis
419 736 482 783 ita
511 735 661 783 omnia
686 735 867 786 turbata
885 741 1018 797 sunt,
1052 741 1102 783 ut
1119 734 1332 797 nescias,
1360 734 1607 798 scriptoris
1626 733 1693 780 vi·

181 820 291 867 tium
319 820 379 867 sit
406 833 463 868 an
485 817 804 881 librariorum,
848 825 896 867 et
918 833 1086 867 severa
1112 819 1251 867 etiam
1279 816 1464 866 medela
1488 817 1568 866 vix
1587 816 1693 864 sub·

179 904 326 951 veniri
369 903 536 967 possit.
594 900 743 966 Igitur
767 901 940 953 idoneo
965 902 1208 966 interpreti
1242 916 1328 950 sua
1364 915 1472 966 pars
1509 913 1699 964 semper

178 985 485 1052 relinquenda
503 993 576 1035 est
594 986 651 1035 ab
672 985 870 1049 editore,
895 1001 1035 1050 quum
1053 987 1126 1034 vir
1142 984 1285 1034 rebus
1304 984 1589 1033 necessariis
1614 998 1697 1048 pa·

178 1085 277 1119 rum
302 1070 503 1119 imbutus
533 1069 675 1133 longa
705 1071 842 1119 etiam
868 1070 1158 1118 institutione
1177 1069 1243 1118 uti
1261 1075 1489 1133 nequeat,
1527 1068 1693 1132 dignus

179 1166 265 1201 suo
291 1168 483 1202 munere
504 1153 625 1203 duce
648 1155 965 1219 supersedere
988 1155 1165 1218 possit,
1205 1152 1454 1217 malitque,
1482 1159 1532 1201 ut
1563 1154 1694 1216 inge-

177 1236 255 1284 nio
282 1249 369 1283 suo
393 1241 440 1283 et
459 1235 668 1285 doctrina
689 1238 803 1286 satis
830 1238 1055 1286 confisus.
1110 1236 1290 1286 Graece
1321 1237 1511 1299 saepius
1540 1234 1692 1284 reddi·

175 1326 270 1367 tum
306 1334 416 1367 esse
444 1317 746 1382 Eutropium,
786 1318 861 1367 vel
893 1335 952 1369 ex
987 1328 1251 1385 temporum
1284 1319 1566 1383 imperiique
1596 1317 1689 1366 Ro·

176 1403 295 1451 mani
331 1401 637 1466 condicione,
676 1417 797 1467 quae
826 1410 937 1452 tunc
973 1405 1085 1467 fuit,
1122 1401 1404 1452 conieceris.
1463 1401 1692 1464 Superest

175 1486 360 1536 Paeauii
401 1485 579 1536 Graeca
619 1486 968 1550 interpretatio,
1026 1487 1220 1537 liberior
1257 1484 1446 1550 quidem
1486 1490 1533 1532 et
1573 1498 1693 1548 quae

176 1585 322 1635 saepe
350 1570 409 1619 ad
435 1570 672 1619 diversum
702 1570 969 1634 exemplum
989 1573 1114 1622 facta
1140 1571 1379 1632 videatur,
1421 1567 1508 1617 sed
1536 1567 1595 1617 ad
1624 1569 1692 1615 iu·

176 1653 346 1702 dicium
368 1653 428 1701 de
453 1651 650 1716 siugulis
673 1651 794 1700 locis
827 1653 1070 1705 ferendum
1098 1657 1324 1705 maximae
1356 1652 1458 1700 fere
1490 1652 1691 1700 auctori-

176 1739 310 1800 tatis,
347 1736 623 1800 praesertim
655 1751 794 1800 quum
828 1738 907 1785 vix
946 1741 1139 1788 serioris
1172 1741 1279 1803 ipso
1308 1736 1429 1784 libro
1465 1736 1526 1783 sit
1550 1735 1691 1798 origi-

174 1822 261 1869 nis.
321 1820 411 1880 Qui
441 1833 624 1869 omnem
648 1818 887 1868 historiam
914 1821 961 1869 in
981 1822 1308 1886 compendium
1337 1818 1558 1882 redigere
1581 1832 1690 1867 coe-

173 1911 363 1968 perant,
406 1917 517 1951 mox
546 1903 754 1963 insertiS‚
794 1917 915 1967 quae
944 1921 1058 1954 suae
1088 1907 1226 1954 aetati
1250 1903 1399 1966 magis
1430 1901 1688 1966 placerent,

174 1987 417 2051 sequentis
442 1987 579 2035 etiam
604 1986 830 2050 temporis
851 1986 1071 2037 historias
1098 1996 1409 2038 attexuerunt.
1452 1987 1566 2037 Inde
1591 1996 1689 2037 tan-

173 2070 279 2119 dem
301 2078 401 2119 orta
432 2077 504 2118 est
522 2069 718 2118 historia
736 2069 974 2134 miscella,
1012 2087 1133 2136 quae
1160 2085 1283 2120 nono
1310 2071 1476 2121 seculo
1500 2087 1526 2120 a
1546 2070 1687 2120 Paulo

171 2154 384 2202 Diacono
420 2152 687 2218 talibusque
728 2153 953 2217 deinceps
990 2156 1103 2204 viris
1139 2155 1356 2204 confecta
1393 2155 1469 2204 diu
1501 2154 1688 2204 oracula

173 2236 315 2284 edidit
352 2235 411 2284 de
447 2236 641 2285 historia
666 2236 891 2299 Romana,
936 2237 1088 2286 donec
1123 2240 1385 2288 restitutum
1407 2254 1510 2288 cum
1540 2239 1688 2288 omnis

174 2319 445 2368 eruditionis
467 2319 575 2367 luce
594 2319 652 2367 de
681 2320 954 2383 antiquitate
981 2320 1199 2370 iudicium
1226 2325 1428 2386 genuina
1457 2339 1483 2372 a
1515 2325 1687 2387 spuriis

172 2402 449 2467 dispescere
469 2402 646 2451 didicit.
699 2402 863 2467 ltaque
893 2412 1002 2467 post
1031 2406 1200 2469 primas
1222 2405 1482 2470 editioneS,
1518 2407 1686 2456 Roma-

170 2502 273 2536 nam
302 2501 344 2535 a.
374 2484 555 2548 1471„
592 2485 822 2549 VenetaS,
856 2485 1173 2552 ParisienseS,
1211 2487 1525 2553 Florentinas,
1556 2490 1680 2539 Basi-

171 2569 386 2632 leenses,
431 2584 546 2633 quas
581 2570 659 2619 hic
687 2585 940 2619 recensere
966 2586 1059 2620 non
1087 2574 1273 2636 attinet,
1315 2574 1570 2637 exstitere,
1607 2576 1685 2640 qui

171 2652 441 2718 prudentius
474 2654 520 2702 in
550 2665 609 2701 eo
642 2656 835 2717 negotio
867 2654 1176 2718 elaborarent,
1211 2656 1524 2706 Schonhofius
1554 2658 1683 2707 Basi-

169 2733 274 2784 leae
294 2750 336 2783 a.
360 2734 530 2799 1546„
555 2735 685 2786 Elias
704 2738 898 2787 Vinetus
919 2737 1111 2787 Pictavii
1132 2754 1174 2787 a.
1197 2738 1370 2803 1553„
1403 2740 1683 2804 Sylburgius

168 2816 459 2868 Franeofurti
481 2834 523 2868 a.
540 2818 674 2869 1588
695 2858 709 2882 ,
733 2819 900 2870 Paulus
910 2820 1088 2870 Merula
1100 2821 1310 2887 Lugduni
1321 2823 1421 2873 Bat.
1448 2839 1491 2873 a.
1507 2823 1662 2875 1592.
1672 2858 1682 2883 ,
