2026 3238
383 161 454 214 48
961 167 1324 214 EUTROPII

500 302 641 351 GAP.
679 301 761 352 lx.
817 302 958 351 Nullo
996 311 1210 367 tempore
1260 318 1339 352 res
1377 302 1585 351 Romana
1620 302 1770 365 magis
1813 301 1897 351 flo-

385 372 492 419 ruit.
550 370 668 421 Nam
705 374 919 437 exceptis
959 372 1175 421 civilibus
1209 371 1372 434 bellis„
1417 372 1464 420 in
1492 370 1661 434 quibus
1698 371 1898 420 invictus

387 441 490 503 fuit,
513 440 724 490 Romano
744 441 916 491 adiecit
936 443 1132 505 imperio
1143 441 1431 506 Aegyptum,
1454 437 1765 502 Cantabriam,
1786 439 1898 490 Bal·

387 511 595 574 matiam,
635 523 780 576 saepe
809 518 916 560 ante
946 512 1142 574 victam,
1183 511 1269 560 sed
1290 512 1474 575 penitus
1498 517 1609 558 tunc
1639 509 1896 572 subactam,

386 578 685 644 Pannoniam,
719 580 1041 648 Aquitaniam,
1078 579 1332 643 Illyricum,
1363 580 1593 642 Raetiam,
1622 578 1899 628 Vindelicos

390 656 438 696 et
468 648 686 698 Salassos
717 652 764 698 in
784 649 1004 713 Alpibus,
1038 659 1203 699 omnes
1222 648 1354 699 Ponti
1382 649 1632 699 maritimas
1662 649 1896 711 civitates,

387 719 434 766 in
454 718 526 767 his
544 718 858 769 nobilissimas
871 718 1136 784 Bosporum
1154 727 1202 769 et
1213 719 1573 784 Panticapaeon.
1603 718 1729 768 Vicit
1746 724 1900 767 autem

389 787 583 850 proeliis
625 788 802 838 Dacos.
875 786 1205 838 Gennanorum
1250 791 1469 853 ingentes
1505 789 1670 853 copias
1707 786 1897 850 cecidit,

383 858 518 920 ipsos
543 872 736 923 quoque
753 866 880 908 trans
899 857 1054 907 Albim
1080 858 1270 909 fluvium
1289 858 1539 921 submovit,
1572 859 1651 922 qui
1670 858 1717 906 in
1735 856 1899 907 barba·

385 928 486 976 rico
504 927 650 991 longe
669 928 787 978 ultra
806 928 1018 977 Rhenum
1040 936 1128 977 est.
1179 926 1284 979 Hoc
1302 936 1455 977 tamen
1480 927 1655 976 bellum
1675 934 1762 991 per
1778 925 1898 975 Dru·

386 1007 487 1044 sum
517 999 780 1061 privignum
810 1010 943 1047 suum
971 998 1335 1059 administravit,
1377 998 1499 1045 sicut
1527 1010 1614 1060 per
1643 995 1897 1058 Tiberium,

387 1067 650 1129 privignum
669 1066 885 1129 alterum,
906 1066 1237 1128 Pannonicum,
1267 1080 1361 1131 quo
1382 1065 1510 1114 bello
1530 1081 1591 1114 ει,
1609 1064 1735 1114 milia
1755 1065 1898 1128 oap'ti·

384 1146 550 1183 vorum
582 1151 641 1184 ex
679 1133 924 1185 Germania
959 1136 1193 1185 transtulit
1226 1143 1274 1183 et
1309 1149 1450 1199 supra
1491 1136 1638 1198 ripam
1668 1134 1819 1183 Rhen‘i
1851 1135 1899 1182 in

388 1201 535 1253 Gallia
557 1203 825 1255 collocavit.
863 1205 1130 1254 Armeniam
1156 1221 1182 1254 a
1208 1204 1390 1254 Parthis
1419 1205 1620 1268 recepit.
1672 1202 1894 1265 Obsides,

387 1273 515 1337 quod
532 1274 646 1323 nulli
666 1282 820 1338 antea,
849 1274 1022 1324 Persae
1043 1275 1087 1324 ei
1107 1274 1350 1324 dederunt.
1410 1272 1731 1322 Reddiderunt
1761 1274 1898 1321 etiam

386 1344 520 1407 signa
538 1343 766 1407 Romana,
790 1356 911 1409 quae
932 1343 1106 1394 Crasso
1125 1346 1254 1394 victo
1273 1343 1558 1393 ademerant.

489 1413 574 1462 CA
590 1424 635 1462 p,
671 1412 732 1462 X.
779 1415 985 1476 Scythae
1006 1422 1054 1463 et
1071 1413 1200 1477 Indi,
1238 1413 1407 1479 quihus
1430 1420 1565 1462 antea
1583 1411 1899 1460 Romanorum

383 1493 555 1531 nomen
575 1484 864 1547 incognitum
886 1483 1063 1546 fuerat,
1103 1497 1294 1532 munera
1321 1490 1369 1531 et
1394 1482 1580 1545 legatos
1599 1480 1658 1530 ad
1683 1495 1790 1529 eum
1815 1481 1897 1529 mi·

385 1558 560 1600 serunt.
599 1549 778 1602 Galatia
801 1564 992 1617 quoque
1011 1552 1099 1601 sub
1126 1553 1219 1601 hoc
1248 1553 1491 1616 provincia
1510 1551 1634 1600 facta
1655 1557 1754 1613 est,
1794 1565 1898 1600 cum

383 1629 518 1670 antea
542 1635 739 1685 regnum
758 1622 944 1684 fuisset,
969 1623 1240 1686 primusque
1259 1633 1361 1671 eam
1378 1620 1439 1669 M.
1461 1619 1639 1669 Lollius
1659 1634 1745 1684 pro
1764 1630 1876 1685 prae

383 1697 488 1739 tore
510 1689 861 1740 administravit.
925 1688 1073 1740 Tanto
1106 1699 1259 1748 autem
1291 1705 1451 1740 amore
1481 1691 1619 1739 etiam
1643 1689 1768 1754 apud
1794 1690 1896 1739 bar-

382 1759 524 1808 baros
549 1759 652 1822 fuit,
672 1767 722 1809 ut
738 1769 900 1825 reges,
922 1760 1087 1824 populi
1098 1760 1296 1810 Romani
1312 1761 1476 1822 amici,
1489 1761 1537 1808 in
1549 1760 1776 1808 honorem
1794 1760 1896 1808 eius

386 1828 647 1877 conderent
669 1831 901 1892 civitateS,
936 1845 1051 1894 quas
1073 1829 1333 1879 Caesareas
1354 1830 1669 1890 nominarent,
1710 1829 1831 1876 sicut
1849 1829 1895 1877 in

382 1897 672 1947 Mauretania·
699 1912 725 1947 a
755 1907 872 1963 rege
892 1897 1023 1961 Iuba,
1055 1906 1103 1947 et
1121 1900 1168 1947 in
1186 1897 1465 1960 Palaestina,
1497 1912 1618 1962 qnae
1637 1908 1760 1946 nunc
1784 1898 1894 1946 urbs

382 1973 457 2016 est
475 1966 759 2016 clarissimas
784 1967 919 2016 Multi
938 1975 1092 2017 autem
1110 1980 1262 2032 reges
1274 1976 1335 2016 ex
1347 1968 1507 2032 regnis
1533 1968 1629 2015 suis
1647 1975 1894 2030 venerunt,

381 2039 435 2084 ut
459 2037 503 2084 ei
543 2036 942 2100 obsequerentur,
982 2044 1028 2085 et
1053 2037 1212 2086 habitu
1242 2036 1482 2100 Romano,
1519 2037 1667 2100 togati
1689 2035 1894 2100 scilicet,

382 2100 440 2153 dd
457 2104 725 2154 vehiculum
741 2105 819 2154 vel
847 2119 1018 2171 equum·
1036 2107 1188 2171 ipsius
1207 2113 1525 2155 cucurrerunt.
1586 2104 1793 2154 Moriens
1812 2105 1893 2155 Di·

380 2173 767 2237 vus‘appellatu‘s’
790 2182 878 2224 est.
938 2174 1056 2224 Rem
1089 2175 1324 2239 publicam
1358 2176 1672 2224 beatissimam
1703 2173 1893 2224 Tiberio

270 2273 360 2308 Μ),
382 2245 654 2292 successori
674 2241 880 2309 reliquit,
903 2245 982 2309 qui
996 2246 1321 2309 privignusei,
1343 2255 1627 2309 moxgener,
1650 2250 1893 2309 postremo

270 2331 348 2365 ⁷55.
380 2312 635 2377 adoptione
654 2313 777 2362 filius
794 2314 963 2363 fueratz

294 2407 335 2442 p,
490 2382 632 2432 Car.
652 2381 736 2432 xl.
766 2382 900 2449 (Vll)
939 2380 1162 2433 Tiberine
1183 2385 1362 2447 ingenti
1392 2384 1620 2432 socordia·
1648 2385 1893 2448 imperium

270 2451 1890 2587 ⁰³¹·mii„5:1233323¹3s;32520¹351122221issar}iiiii·

383 2592 458 2638 sit.
518 2589 757 2649 Quosdam
786 2605 930 2655 reges
961 2605 1044 2654 per
1070 2591 1318 2640 blanditias
1348 2591 1407 2640 ad
1430 2607 1484 2640 se
1515 2599 1742 2642 evocatos
1776 2600 1888 2642 nun·

383 2670 519 2722 quam
546 2660 750 2722 remisit,
793 2661 838 2708 in
859 2659 1028 2724 quibus
1051 2659 1330 2709 Archelaum
1352 2660 1713 2726 Cappadocem,
1756 2662 1888 2710 cuius

383 2728 521 2776 etiam
550 2742 746 2791 regnum
773 2730 819 2777 in
853 2731 1125 2793 provinciae
1153 2730 1346 2779 formam
1377 2730 1564 2797 redegit
1582 2739 1630 2780 et
1647 2732 1886 2780 maximam

384 2797 616 2845 civitatem
648 2797 875 2861 appellari
908 2800 1095 2848 nomine
1126 2814 1212 2847 suo
1238 2801 1390 2862 iussit,
1425 2816 1546 2866 quae
1572 2814 1693 2849 nunc
1711 2798 1884 2849 Gaesa-
