2026 3238
834 159 1067 207 LIBER
1106 161 1157 206 X.
1682 157 1744 208 71

342 294 486 345 Car.
514 294 733 345 XXVIII.
783 295 1108 346 Diocletianus
1143 298 1348 360 privatus
1368 296 1414 344 in
1446 296 1585 359 villa,
1627 312 1747 361 quae

234 363 352 414 haud
373 364 538 429 procul
557 380 584 415 a
602 364 788 415 Salonis
809 372 908 426 est,
941 364 1185 429 praeclaro
1205 366 1303 415 otio
1325 366 1495 429 senuit,
1532 367 1747 416 inusitata

234 434 402 483 virtute
414 450 544 498 usus,
567 441 617 484 ut
636 433 766 485 solus
787 435 987 484 omnium
1004 442 1121 501 ‚post
1140 435 1375 485 conditum
1386 434 1647 485 'Romanum
1663 436 1748 484 im-

236 505 416 566 perium
445 519 505 554 ex
533 512 659 554 tanto
695 505 887 569 fastigio
917 513 1087 568 sponte
1121 505 1177 555 ad
1204 507 1413 569 privatae
1431 506 1556 555 vitae
1583 511 1747 555 statum

235 572 601 640 civilitatemque
612 582 858 624 remearet.
903 572 1111 639 Contigit
1130 577 1271 640 igitur
1282 577 1344 638 ei,
1367 575 1494 640 quod
1505 574 1618 624 nulli
1639 583 1749 639 post

234 649 368 692 natos
388 643 618 707 homines,
645 651 695 692 ut
714 659 818 693 cum
831 645 1044 708 privatus
1073 646 1272 708 obisset,
1295 645 1575 695 interDivos
1595 652 1746 694 tamen

234 712 490 762 referretur

613 998 891 1054 LIBER
949 1000 1379 1055 BEGlMUS.

765 1182 1216 1227 Ancuussrt'run,

319 1271 361 1314 1.
394 1273 565 1326 Imperii
592 1274 742 1316 divisio
773 1278 879 1318 inter
907 1276 1194 1318 Constantium
1226 1280 1267 1314 et
1287 1272 1497 1314 Galerium
1526 1273 1751 1326 assumptis

232 1329 398 1370 duobus
430 1329 678 1372 Caesaribus
717 1332 943 1376 Maximino
983 1341 1023 1374 et
1062 1332 1231 1372 Severo.
1289 1329 1334 1371 2.
1366 1329 1604 1371 Constantio
1644 1341 1748 1370 mor-

232 1392 303 1428 tuo
337 1385 631 1429 Constantinus
661 1389 713 1431 in
741 1390 954 1433 Britannia
991 1398 1154 1431 creatur
1189 1389 1438 1442 imperator,
1475 1386 1635 1428 Romae
1662 1383 1749 1426 Ma-

231 1443 423 1494 xentius,
461 1443 573 1484 filius
590 1445 793 1497 Herculii,
835 1449 907 1501 qui
945 1448 1042 1488 inde
1081 1447 1136 1486 acl
1163 1458 1282 1499 spem
1310 1444 1551 1485 resumendi
1584 1443 1750 1498 imperii

233 1500 420 1554 erigitur.
478 1499 658 1543 Severus
701 1510 844 1546 contra
879 1505 1136 1545 Maxentium
1174 1504 1330 1542 missus
1366 1514 1393 1542 a
1428 1502 1518 1542 suis
1559 1500 1749 1542 desertus

233 1558 486 1600 interficitur.
537 1555 581 1601 3.
607 1559 790 1602 Herculii
817 1569 916 1616 post
941 1563 1081 1603 irritos
1117 1566 1288 1601 conatus
1323 1565 1466 1599 contra
1494 1558 1749 1599 Maxentium

232 1621 273 1656 et
303 1614 620 1656 Constantinum
648 1617 855 1663 interitus.
886 1619 988 1660 Eius
1015 1630 1171 1659 mores.
1219 1614 1265 1659 4.
1298 1615 1484 1657 Licinius
1514 1628 1539 1654 a
1571 1614 1748 1664 Galerio,

231 1672 303 1724 qui
332 1671 460 1725 paulo
486 1681 582 1725 post
612 1675 807 1725 moritur,
838 1676 884 1716 fit
914 1677 1151 1730 imperator.
1203 1673 1307 1714 Hinc
1334 1685 1423 1713 rem
1450 1671 1661 1726 publicam
1689 1677 1749 1711 te-

233 1738 329 1769 nent
360 1734 539 1781 quatuor
567 1730 854 1784 imperatores,
874 1731 1183 1779 Constantinus,
1213 1729 1465 1778 Maxentius,
1493 1729 1680 1770 Licinius
1710 1735 1750 1768 et

233 1785 498 1828 Maximinus,
547 1785 781 1829 Maxentius
809 1801 885 1843 per
906 1789 1219 1830 Constantinum
1249 1787 1508 1841 opprimitur.
1559 1785 1750 1826 Maximi-

230 1855 310 1883 nus
340 1842 544 1884 adversus
574 1844 779 1886 Licinium
799 1859 930 1887 novas
956 1859 1024 1887 res
1042 1845 1213 1886 molitus
1237 1845 1411 1885 exitium
1429 1842 1599 1884 fortuita
1618 1848 1749 1883 morte

229 1900 458 1953 praevenit.
489 1899 530 1941 5.
547 1898 590 1945 6.
607 1901 791 1944 Licinius
808 1915 833 1943 a
846 1902 1114 1945 Constantino
1132 1902 1267 1944 victus
1277 1901 1493 1943 occiditur.
1520 1900 1622 1942 Inde
1637 1912 1749 1941 sum-

229 1969 325 1998 mae
354 1969 493 1999 rerum
521 1971 631 2000 unus
661 1958 955 2002 Constantinus
992 1966 1180 2015 praeest,
1214 1960 1284 2010 qui
1317 1971 1427 1999 novo
1458 1956 1596 1998 adhuc
1633 1969 1748 1997 more

232 2022 315 2056 tres
347 2013 547 2056 Caesares
570 2023 697 2060 creat.
757 2015 798 2058 7.
829 2016 873 2061 8.
908 2016 1165 2059 Constantini
1192 2028 1330 2057 mores
1362 2014 1583 2055 insolentia
1609 2026 1748 2055 rerum

230 2072 510 2114 secundarum
539 2074 583 2114 in
615 2073 798 2115 deterius
828 2076 976 2116 mutati
1005 2082 1046 2116 et
1073 2073 1231 2121 studia3
1261 2073 1354 2126 ipse
1371 2071 1527 2113 bellum
1546 2071 1748 2112 adversus

227 2128 403 2169 Parthos
432 2129 609 2170 moliens
639 2132 828 2174 moritur.
866 2129 1024 2176 9-13,
1055 2130 1291 2172 Succedunt
1318 2136 1403 2170 tres
1424 2130 1515 2170 eius
1533 2127 1622 2178 filii,
1636 2127 1749 2169 Con-

231 2186 439 2226 stantinus
456 2217 469 2235 ,
499 2184 702 2227 Constans
732 2194 773 2228 et
805 2187 1072 2231 Constantius
1104 2200 1197 2228 cum
1226 2186 1447 2235 Dalmatio,
1480 2185 1619 2226 fratris
1649 2185 1749 2235 filio,

231 2255 256 2282 e
284 2243 453 2293 quibuS,
483 2255 577 2283 cum
609 2245 735 2285 ceteri
761 2244 968 2285 interfecti
995 2252 1159 2293 essent,
1189 2250 1374 2284 remanet
1401 2242 1516 2283 solus
1548 2240 1747 2283 Constan-

232 2300 334 2347 tius,
365 2300 437 2351 qui
463 2299 571 2340 male
599 2308 762 2355 pugnat
794 2309 936 2342 eontra
963 2302 1127 2351 Persas,
1158 2301 1451 2341 vetranionem
1483 2299 1678 2352 opprimit
1708 2307 1748 2339 et

233 2354 534 2410 Magnentium,
563 2359 682 2398 cuius
712 2359 840 2399 duces
870 2365 992 2399 antea
1021 2358 1310 2413 Nepotianum,
1339 2357 1498 2397 Romae
1524 2357 1748 2410 imperato-

232 2426 319 2453 rem
348 2412 520 2464 factum‚
552 2415 857 2465 interfecerant,
878 2415 1137 2468 Gallumque,
1168 2427 1292 2468 quem
1320 2414 1412 2468 ipse
1434 2413 1655 2454 Caesarem
1686 2412 1747 2454 fe-

233 2477 367 2519 cerat,
408 2477 506 2525 post
535 2472 699 2514 occidit.
738 2472 931 2515 Silvanus
973 2475 1015 2514 in
1047 2473 1179 2514 Gallia
1204 2484 1335 2514 novas
1370 2484 1439 2512 res
1468 2471 1644 2512 moliens
1675 2483 1747 2511 ex·

231 2528 471 2581 stinguitur.
520 2526 588 2571 14.
622 2528 887 2572 Constantius
912 2531 1117 2572 Iulianum
1146 2530 1367 2572 Caesarem
1398 2529 1518 2578 facit,
1550 2529 1622 2580 qui
1650 2541 1748 2570 con-

231 2592 297 2625 tra
326 2583 466 2626 Gallos
496 2592 538 2627 et
561 2586 817 2629 Alamannos
847 2589 1002 2629 missus
1040 2589 1210 2644 egregie
1245 2600 1313 2628 res
1349 2588 1470 2641 gerit.
1526 2585 1595 2629 15.
1622 2585 1746 2626 Iulia-

233 2654 312 2683 nus
343 2654 369 2682 a
397 2643 825 2699 militibusAugustus
854 2646 1132 2694 renuntiatur,
1167 2658 1250 2698 qua
1275 2658 1320 2685 re
1350 2644 1516 2698 cognita
1545 2642 1746 2684 Constan-

232 2701 330 2747 tius,
363 2711 458 2740 cum
489 2701 644 2742 omisso
662 2700 828 2743 Persico
855 2703 964 2744 bello
995 2709 1137 2744 contra
1169 2714 1265 2743 eum
1292 2701 1504 2756 profectus
1533 2706 1667 2750 esset,
1701 2702 1745 2740 in

232 2756 378 2796 itinere
410 2757 510 2801 obit.
566 2758 668 2798 Eius
691 2771 846 2800 mores.
907 2757 975 2802 16.
1006 2759 1156 2800 Iuliani
1181 2767 1323 2799 contra
1351 2759 1499 2799 Persas
1520 2757 1746 2811 expeditio,

233 2813 275 2852 iu
305 2826 388 2864 qua
415 2813 556 2854 hostili
586 2827 712 2856 manu
741 2817 994 2860 interficitur.
1038 2817 1139 2857 Eius
1168 2816 1330 2864 laudes,
1360 2827 1497 2856 mores
1518 2823 1558 2855 et
1587 2814 1741 2855 studia.
