2026 3238
757 170 983 217 LlBER
1027 172 1077 216 Il.
1614 169 1677 220 15

161 323 270 356 xxxi
290 323 436 357 navos
460 309 615 372 cepit,
648 321 727 355 xxv
752 306 931 369 mersit,
959 322 1026 356 vu
1051 307 1177 357 milia
1195 306 1399 356 hostium
1422 308 1577 371 cepit,
1619 324 1676 358 ιιι

160 376 284 426 milia
313 376 503 427 oceidit,
559 375 727 442 Neque
758 374 851 424 ulla
886 376 1085 427 victoria
1111 376 1335 427 Romanis
1363 378 1542 440 gratior
1569 377 1672 440 fuit,

161 445 287 512 quod
313 447 473 496 invicti
505 453 628 495 terra
657 446 748 495 iam
778 445 916 494 etiam
944 448 1057 495 mari
1086 445 1332 511 plurimum
1364 453 1577 510 possent.
1618 445 1673 496 C.
1695 455 1778 489 Μ]

161 515 366 581 Aquillio
385 514 548 578 Floro,
567 514 620 564 L.
644 515 870 579 Scipione
891 528 1019 564 coss.
1047 516 1211 581 Scipio
1233 514 1478 566 Corsicam
1498 523 1546 565 et
1564 515 1672 565 Sar·
1692 510 1769 546 ⁴⁹³·

159 585 327 635 diniam
358 585 586 648 vastavit,
642 583 784 633 multa
818 583 943 634 milia
982 585 1091 635 inde
1134 586 1424 651 captivorum
1465 585 1672 649 abduxit,

157 655 435 719 triumphum
462 654 576 718 egit.

267 722 406 773 cn.
429 719 559 774 XXI.
589 723 725 789 (XI.)
778 724 828 773 L.
853 724 1025 774 Manlio
1052 724 1283 788 Vulsone,
1310 723 1374 774 Μ.
1404 724 1550 774 Atilio
1577 724 1670 774 Re·
1695 739 1772 774 Am

155 793 270 857 gulo
288 806 415 842 coss.
446 791 621 842 bellum
649 795 695 842 in
724 793 931 844 Africam
954 793 1224 843 translatum
1253 801 1341 843 est.
1391 793 1563 844 Contra
1583 793 1674 844 Ha·
1693 795 1770 831 ⁴⁹⁶·

156 861 423 926 milcarem,
456 861 906 927 Carthaginiensium
941 863 1134 926 ducem,
1175 864 1221 912 in
1256 865 1368 912 mari
1400 871 1672 929 pugnatum,

156 933 408 997 victusque
435 939 525 982 est.
574 930 691 981 Nam
716 932 911 998 perditis
939 948 1050 984 nxiv
1080 932 1275 982 navibus
1304 939 1430 982 retro
1462 948 1516 982 se
1538 947 1673 982 rece·

158 1003 240 1066 pit.
277 1000 476 1051 Romani
496 1017 597 1051 mr
616 1002 883 1052 amiserunt.
934 1002 1030 1053 Sed
1058 1017 1162 1051 cum
1187 1003 1234 1051 in
1252 1001 1460 1052 Africam
1483 1003 1672 1052 transis·

159 1077 288 1134 sent,
318 1072 511 1135 primam
531 1068 784 1135 Clypeam‚
808 1072 1000 1122 Africae
1028 1073 1288 1135 civitatem,
1316 1074 1363 1121 in
1388 1070 1673 1122 deditionem

158 1148 458 1205 acceperunt.
512 1139 745 1190 Consules
785 1158 938 1207 usque
969 1141 1027 1191 ad
1065 1140 1390 1205 Carthaginem
1422 1156 1671 1206 processe-

158 1217 278 1272 runt,
312 1209 565 1274 multisque
595 1212 788 1260 vastatis
813 1211 1012 1260 Manlius
1044 1212 1197 1259 victor
1220 1209 1416 1260 Romam
1443 1210 1600 1267 rediit,
1627 1218 1674 1259 et

157 1294 285 1327 xxm
310 1277 434 1327 milia
456 1281 747 1343 captivorum
769 1279 980 1343 reduxit,
1005 1279 1176 1328 Atilius
1201 1279 1415 1344 Regulus
1445 1281 1492 1329 in
1509 1278 1670 1328 Africa

157 1350 390 1398 remansit.
452 1346 499 1396 Is
528 1356 689 1398 contra
715 1348 859 1399 Afros
896 1351 1045 1399 aciem
1085 1350 1315 1398 instruxit.
1373 1348 1545 1398 Contra
1577 1356 1674 1398 tres

159 1416 609 1482 Carthaginiensium
638 1417 784 1468 duces
815 1418 1038 1468 dimicans
1064 1419 1217 1468 victor
1242 1418 1356 1482 fuit,
1401 1434 1520 1468 mu
1549 1417 1674 1467 milia

158 1488 359 1536 hostium
383 1487 572 1550 cecidit,
598 1489 804 1553 quinque
826 1487 951 1538 milia
973 1504 1077 1537 cum
1096 1504 1217 1538 xvm
1237 1487 1503 1553 elephantis
1526 1489 1671 1552 cepit,

158 1573 328 1606 Lxxun
350 1558 564 1606 civitates
583 1559 630 1606 in
656 1557 793 1607 fidem
812 1559 1016 1623 accepit.
1054 1556 1169 1606 Tum
1188 1558 1301 1607 victi
1321 1556 1673 1621 Carthaginien·

158 1641 238 1675 ses
261 1641 427 1690 pacem
452 1641 478 1675 a
497 1626 720 1676 Romanis
748 1629 997 1692 petierunt.
1038 1627 1187 1687 Quam
1210 1642 1313 1676 oum
1331 1626 1546 1692 Regulus
1573 1626 1674 1676 nol·

158 1699 223 1744 let
242 1696 332 1744 nisi
352 1694 611 1744 durissimis
634 1696 990 1746 condicionibus
1012 1697 1141 1759 dare,
1179 1696 1282 1746 Afri
1299 1696 1522 1746 auxilium
1541 1711 1567 1746 a
1589 1695 1673 1745 La·

159 1764 475 1814 cedaemoniis
507 1766 756 1829 petierunt.
795 1765 855 1815 Et
890 1766 1009 1815 duce
1035 1766 1335 1829 Xanthippo,
1370 1767 1448 1830 qui
1473 1781 1499 1814 a
1531 1765 1674 1815 Laee-

159 1833 414 1883 daemoniis
451 1836 623 1883 missus
643 1834 810 1897 fuerat,
843 1835 1156 1883 Romanorum
1177 1834 1271 1884 dux
1290 1833 1503 1899 Regulus
1522 1836 1675 1883 victus

157 1911 229 1952 est
249 1902 406 1952 ultima
434 1905 659 1967 pernicie.
711 1903 828 1953 Nam
866 1904 958 1953 duo
987 1904 1111 1952 milia
1140 1911 1312 1954 tantum
1339 1919 1398 1953 ex
1426 1905 1549 1953 omni
1577 1903 1673 1953 Ro·

157 1987 289 2022 mano
344 1974 553 2022 exercitu
590 1973 891 2038 refugerunt,
958 1974 1199 2039 quingenti
1242 1989 1345 2022 cum
1391 1975 1674 2037 imperatore

157 2041 343 2107 Regulo
366 2045 489 2108 eapti
509 2050 631 2107 sunt,
652 2059 746 2092 xxx
768 2042 892 2092 milia
913 2045 1073 2092 occisa
1087 2080 1100 2106 ,
1123 2043 1334 2107 Regulus
1355 2044 1460 2106 ipse
1484 2044 1530 2092 in
1551 2050 1670 2092 cate·

157 2127 239 2161 nas
265 2114 523 2162 coniectus,

262 2181 398 2231 Cn.
423 2181 576 2231 XXII.
601 2181 762 2247 (XII.)
798 2182 862 2231 M.
888 2182 1091 2231 Aemilio
1112 2182 1286 2244 Paulo,
1317 2183 1484 2230 Servio
1505 2180 1672 2229 Fulvio
1694 2198 1781 2231 mv.

158 2250 403 2299 Nobiliore
423 2265 550 2300 coss.
567 2252 705 2301 ambo
723 2250 919 2300 Romani
934 2250 1155 2299 consules
1176 2251 1232 2299 ad
1244 2250 1449 2300 Africam
1471 2251 1672 2315 profecti
1686 2254 1759 2287 ⁴9?-

159 2328 261 2369 sunt
276 2334 380 2368 cum
399 2327 710 2370 trecentarum
727 2322 910 2370 navium
932 2319 1101 2370 classe.
1141 2319 1339 2369 Primum
1359 2319 1501 2368 Afros
1522 2318 1672 2368 navali

159 2390 411 2438 certamine
441 2397 678 2454 superant.
729 2389 956 2439 Aemilius
986 2389 1150 2439 consul
1180 2398 1364 2438 centum
1399 2396 1447 2438 et
1475 2395 1673 2454 quatuor

158 2474 302 2508 naves
328 2459 530 2509 hostium
556 2459 794 2523 demersit,
826 2460 1014 2525 triginta
1034 2475 1136 2508 cum
1163 2458 1502 2524 pugnatoribus
1524 2459 1668 2523 cepit,

157 2545 218 2578 xv
239 2527 363 2578 milia
400 2529 602 2580 hostium
638 2536 717 2579 aut
740 2529 914 2579 occidit
944 2537 1020 2579 aut
1047 2530 1190 2594 cepit,
1230 2528 1421 2578 militem
1446 2543 1578 2577 suum
1604 2529 1669 2576 in-

156 2599 285 2663 genti
317 2598 491 2662 praeda
511 2598 686 2649 ditavit.
743 2599 805 2650 Et
832 2600 1025 2649 subacta
1052 2598 1212 2648 Africa
1239 2606 1334 2648 tum
1357 2598 1554 2660 fuisset,
1581 2598 1671 2646 nisi

158 2676 279 2717 tanta
312 2669 460 2717 fames
491 2668 684 2732 fuisset,
724 2677 774 2719 ut
802 2669 973 2719 diutius
1004 2676 1286 2733 exspectare
1314 2669 1551 2717 exercitus
1580 2680 1673 2716 non

158 2746 341 2802 posset.
383 2737 617 2788 Consules
642 2754 746 2788 cum
776 2740 958 2788 victrici
994 2738 1148 2788 classe
1170 2738 1423 2788 redeuntes
1457 2738 1581 2787 eirca
1602 2736 1671 2785 Si·

161 2807 311 2857 ciliam
330 2807 621 2872 naufragium
640 2810 767 2872 passi
794 2817 914 2858 sunt.
969 2808 1028 2857 Et
1058 2816 1179 2858 tanta
1206 2815 1461 2872 tempestas
1488 2807 1591 2869 fuit,
1626 2813 1675 2855 ut
