2026 3238
753 156 1094 202 LIBERlll.
1607 151 1673 200 23

164 291 344 341 sulibus
363 290 523 356 Appio
544 289 740 339 Claudio
759 289 948 340 Nerone
967 298 1015 339 et
1032 290 1096 339 M.
1115 290 1245 339 Livio
1266 289 1525 339 Salinatore
1551 290 1675 353 apud

166 360 423 411 Metaurum
444 360 632 409 fluvium
673 360 740 424 [et
758 360 927 409 Senam
940 396 954 422 ,
990 359 1147 408 Piceni
1170 360 1445 424 civitatem,]
1484 360 1530 407 in
1563 360 1672 408 insi-

166 431 265 479 dias
295 431 582 494 compositas
620 429 798 478 incidit.
843 429 1043 479 Strenue
1069 437 1222 479 tamen
1249 443 1461 493 pugnans
1482 429 1673 477 occisus

168 507 258 562 est,
283 500 501 564 ingentes
527 500 629 547 eius
653 500 823 563 copiae
843 506 1008 563 captae
1028 506 1105 548 aut
1124 498 1399 548 interfectae
1419 505 1542 561 sunt,
1580 513 1673 546 ma-

164 585 306 634 gnum
335 569 517 633 pondus
554 570 652 617 auri
687 576 828 633 atque
859 571 1040 632 argenti
1072 569 1267 618 Romam
1298 566 1506 618 relatum.
1564 565 1675 616 Post

166 640 285 687 haec
303 636 529 687 Hannibal
557 637 771 687 diffidere
793 638 853 687 de
881 637 994 688 belli
1023 640 1182 703 coepit
1212 644 1397 687 eventu.
1453 637 1675 686 Romanis

165 709 331 771 ingens
350 708 528 756 animus
548 709 771 756 accessit.
826 706 990 772 Itaque
1012 715 1059 757 et
1076 709 1168 772 ipsi
1186 714 1502 756 evocaverunt
1522 722 1581 755 ex
1598 705 1676 754 Hi·
1695 756 1726 788 A
1745 754 1772 786 U

164 778 325 840 spania
359 775 410 825 P.
434 774 701 826 Cornelium
721 777 1009 841 Scipionem.
1065 775 1112 825 Is
1132 777 1326 826 Romam
1365 791 1468 825 cum
1503 777 1679 840 ingenti
1697 777 1784 843 ὡ,

163 845 313 910 gloria
335 848 477 896 venit.

270 915 356 965 ca
369 932 413 964 P.
434 915 562 965 XIX.
603 915 662 976 Q.
684 915 915 979 Caecilio,
935 914 987 964 L.
1008 915 1198 965 Valerio
1219 929 1346 966 coss.
1375 928 1537 964 omnes
1560 915 1674 963 civi·
1691 925 1786 958 A-U.

163 993 282 1036 tates
296 1022 311 1048 ,
344 1001 466 1050 quae
491 988 538 1034 in
557 985 748 1035 Bruttiis
778 986 835 1035 ab
856 985 1113 1035 Hannibale
1139 985 1431 1048 tenebantur,
1453 984 1678 1034 Romanis
1695 981 1769 1015 ⁵⁴⁶·

169 1070 223 1104 se
241 1054 546 1104 tradiderunt.
1239 1060 1241 1062 ’

264 1125 349 1174 CA
362 1141 406 1173 Ρ.
426 1124 531 1176 XX.
546 1122 684 1189 (ΧΙ.)
704 1123 838 1173 Anno
855 1140 953 1174 xn'.
976 1132 1108 1189 post,
1133 1140 1270 1189 quam
1291 1126 1335 1172 in
1355 1123 1533 1173 Italiam
1551 1121 1672 1172 Han·

161 1193 286 1244 nibal
311 1201 522 1255 venerat,
546 1194 735 1257 Scipio,
777 1196 855 1258 qui
875 1194 1016 1243 multa
1035 1195 1081 1243 in
1100 1195 1324 1258 Hispania
1343 1194 1465 1243 bene
1494 1199 1676 1257 egerat,
1694 1192 1785 1226 MJ-

162 1262 327 1311 consul
348 1270 423 1311 est
453 1263 605 1311 factus
632 1264 743 1310 etin
763 1262 970 1312 Africam
987 1265 1175 1314 missus,
1234 1262 1320 1312 Cui
1347 1264 1449 1311 viro
1475 1262 1678 1310 divinum
1699 1249 1774 1284 ⁶⁴⁷·

161 1331 378 1398 quiddam
416 1333 575 1381 inesse
614 1332 962 1382 existimabatur
976 1370 991 1395 ,
1036 1333 1157 1382 adeo
1184 1339 1234 1382 ut
1262 1339 1501 1396 putaretur
1537 1332 1676 1380 etiam
1693 1307 1787 1398 ᾖξ’

163 1417 266 1450 cum
283 1401 736 1466 numinibus-habere
755 1417 1037 1451 sermonem.
1075 1402 1121 1451 Is
1139 1404 1186 1451 in
1195 1402 1355 1450 Africa
1374 1408 1534 1451 contra
1553 1400 1673 1449 Han-

161 1485 347 1533 nonem,
375 1470 542 1521 ducem
566 1471 803 1534 Afrorum,
836 1480 1038 1536 pugnat,
1079 1473 1337 1523 exercitum
1368 1473 1468 1520 eius
1500 1470 1672 1519 interfi-

162 1542 238 1589 cit.
296 1540 516 1589 Secundo
538 1540 723 1605 proelio
744 1549 896 1591 castra
916 1542 1042 1606 capit
1066 1556 1170 1590 cum
1190 1548 1389 1606 quatuor
1410 1540 1597 1589 milibus
1629 1546 1676 1588 et
1692 1552 1785 1586 Am.

162 1610 430 1675 quingentis
443 1610 684 1672 militibus,
707 1626 757 1659 xx
775 1610 961 1660 milibus
981 1613 1172 1660 occisis.
1212 1610 1496 1674 Syphacem,
1515 1608 1674 1659 Numi·
1699 1607 1773 1643 5⁴⁹>

162 1679 265 1728 diae
283 1693 464 1743 regem,
505 1681 657 1745 quise
677 1678 804 1729 Afris
825 1681 1145 1743 coniunxerat,
1181 1682 1308 1747 capit
1328 1687 1376 1729 et
1399 1687 1549 1729 castra
1572 1681 1674 1727 eius

159 1747 350 1797 invadit.
387 1749 580 1812 Syphax
606 1764 711 1797 cum
729 1749 1033 1798 nobilissimis
1059 1748 1271 1799 Numidis
1291 1756 1338 1797 et
1354 1749 1543 1797 infinitis
1564 1762 1675 1812 spo·

159 1817 234 1866 liis
251 1816 448 1866 Romam
467 1819 525 1867 ab
546 1818 773 1882 Scipione
793 1820 1000 1867 mittitur.
1038 1817 1140 1878 Qua
1157 1834 1210 1866 re
1231 1818 1385 1867 audita
1405 1818 1553 1866 omnis
1573 1817 1675 1866 fere

160 1885 293 1935 Italia
311 1885 616 1936 Hannibalem
641 1886 832 1937 deserit.
860 1886 973 1951 Ipse
991 1903 1017 1936 a
1038 1886 1501 1951 Carthaginiensibus
1522 1886 1676 1935 redire

159 1958 206 2004 in
225 1955 433 2006 Africam
452 1957 655 2019 iubetur,
681 1971 818 2021 quam
839 1957 1001 2020 Scipio
1020 1957 1248 2006 vastabat.

263 2026 346 2074 CA
363 2042 406 2073 r.
431 2024 560 2075 XXI.
597 2025 665 2075 Ita
684 2040 803 2076 anno
828 2043 945 2075 xvii.
965 2026 1022 2075 ab
1042 2026 1300 2075 Hannibale
1320 2024 1452 2075 Italia
1481 2025 1676 2074 liberata
1691 2028 1775 2064 Μ)

159 2102 247 2143 est.
283 2093 442 2161 (XII.)
501 2093 663 2160 Legati
697 2094 1148 2160 Carthaginiensium
1184 2110 1351 2160 pacem
1384 2110 1410 2144 a
1446 2094 1673 2159 Scipione
1695 2084 1770 2120 ³⁶⁰·

161 2165 461 2227 petiverunt;
489 2165 547 2213 ab
569 2180 628 2214 eo
654 2165 712 2213 ad
728 2172 938 2214 senatum
962 2164 1159 2214 Romam
1175 2165 1307 2213 missi
1326 2171 1456 2221 sunt;
1480 2164 1674 2229 quadra-

157 2234 286 2296 ginta
306 2240 354 2282 et
372 2234 579 2297 quinque
599 2233 764 2282 diebus
783 2234 856 2282 his
876 2232 1090 2283 induciae
1111 2233 1246 2282 datae
1269 2241 1392 2296 sunt,
1426 2247 1675 2298 quousque

159 2301 351 2350 Romam
371 2303 442 2351 ire
461 2309 509 2350 et
527 2302 715 2366 regredi
735 2310 949 2366 possent.
986 2302 1048 2352 Et
1063 2318 1159 2352 xxx
1175 2302 1301 2351 milia
1321 2302 1477 2365 pondo
1493 2304 1674 2365 argenti

156 2371 214 2420 ab
233 2370 307 2419 his
332 2378 530 2435 accepta
548 2378 669 2420 sunt.
727 2371 926 2421 Senatus
953 2387 1013 2421 ex
1037 2372 1226 2421 arbitrio
1247 2372 1484 2435 Scipionis
1505 2385 1671 2435 pacem

156 2441 292 2488 iussit
309 2454 413 2489 cnm
425 2439 888 2505 Carthaginiensibus
909 2441 1028 2490 fieri.
1049 2441 1211 2505 Scipio
1232 2441 1303 2489 his
1316 2440 1672 2490 condicionibus

156 2508 303 2572 dedit,
324 2525 388 2560 ne
412 2512 635 2575 amplius
652 2522 807 2575 quam
829 2526 924 2562 m
946 2526 1107 2562 naves
1128 2512 1393 2573 haberent,
1428 2518 1483 2560 ut
1508 2528 1537 2559 n
1577 2511 1670 2559 mi-

155 2579 226 2634 zia
261 2579 433 2644 pondo
475 2581 674 2646 argenti
697 2582 910 2644 darent,
951 2582 1178 2646 captivos
1207 2587 1255 2631 et
1275 2580 1528 2645 perfuqas
1552 2581 1671 2630 red·

159 2648 355 2699 dorent.

267 2718 352 2767 CA
369 2733 413 2766 Ρ.
433 2716 586 2768 XXII.
643 2717 830 2777 Interim
849 2718 1105 2769 Hannibale
1134 2720 1351 2768 veniente
1380 2717 1438 2767 ad
1468 2718 1671 2767 Africam

162 2801 252 2851 pax
270 2788 450 2836 turbata
470 2794 561 2850 est,
595 2788 735 2837 multa
758 2789 947 2839 hostilia
966 2789 1023 2839 ab
1045 2788 1171 2838 Afris
1195 2788 1317 2837 sacta
1337 2795 1459 2836 sunt.
1507 2787 1669 2851 Legati
