2026 3238
368 165 436 215 30
940 167 1298 215 EUTROPII

370 311 441 351 tur
470 303 794 366 ignominiam,
834 319 923 368 qua
951 318 977 352 a
1005 302 1292 352 Numantinis
1320 304 1392 351 bis
1412 302 1607 352 Romani
1642 305 1876 354 exercitus

371 372 552 420 fuerant
590 372 850 435 subiugati,
898 371 947 420 P.
980 373 1141 436 Scipio
1172 371 1421 421 Africanus
1465 372 1673 421 secundo
1712 374 1877 422 consul

258 449 346 482 A-U·
370 441 520 490 factus
543 448 589 490 et
608 441 665 489 ad
679 440 968 489 Numantiam
994 442 1163 490 missus
1187 448 1276 490 est.
1314 440 1360 489 Is
1383 442 1579 505 primum
1597 442 1789 491 militem
1806 445 1877 491 vi·

260 503 334 537 ⁶¹⁸·
367 511 536 559 tiosum
565 517 611 558 et
638 511 854 573 ignavum
888 509 1153 559 exercendo
1178 512 1327 574 magis
1356 526 1491 575 quam
1510 510 1746 574 puniendo
1775 513 1878 561 sine

365 578 520 643 aliqua
542 579 799 628 acerbitate
820 580 1040 642 correxit,
1071 586 1167 627 tum
1197 579 1363 628 multas
1386 579 1638 643 Hispaniae
1664 581 1876 630 civitates

367 648 531 712 partim
550 647 677 696 bello
701 650 844 711 cepit,
866 650 1030 712 partim
1050 650 1096 696 in
1107 647 1389 698 deditionem
1408 651 1612 713 accepit,
1637 657 1876 713 postremo

365 719 514 780 ipsam
533 715 846 779 Numantiam,
878 717 955 766 diu
977 718 1246 779 obsessam,
1284 717 1406 767 fame
1429 718 1634 768 confecit
1655 727 1700 768 et
1719 735 1746 769 a
1769 719 1876 769 solo

366 787 550 849 evertit,
575 786 802 850 reliquam
822 787 1109 850 provinciam
1128 787 1174 835 in
1194 785 1330 835 fidem
1350 789 1553 851 accepit.

474 874 614 923 Car.
643 871 814 922 XVIII.
869 872 942 922 Eo
969 880 1184 938 tempore
1212 872 1393 923 Attalus
1414 890 1500 923 rex
1518 874 1689 938 Asiae,
1732 874 1876 922 frater

364 942 612 1004 EumeniS,
654 950 861 991 mortuus
900 950 974 991 est
1002 942 1318 1007 heredemque
1355 944 1580 1007 populum
1616 943 1873 994 Romanum

365 1011 567 1075 reliquit.
619 1009 686 1059 Ita
714 1013 911 1075 imperio
938 1012 1149 1060 Romano
1185 1026 1271 1074 per
1299 1019 1624 1061 testamentum
1653 1012 1765 1060 Asia
1797 1027 1873 1060 ac-

368 1082 529 1129 cessit.

264 1171 352 1203 A-U·
469 1167 607 1216 CAP.
627 1165 755 1215 XIX.
784 1166 896 1216 Mox
920 1168 1056 1215 etiam
1077 1168 1300 1216 Decimus
1321 1166 1479 1216 Iunius
1497 1167 1666 1216 Brutus
1688 1165 1747 1215 de
1768 1166 1866 1216 Gal-

277 1226 509 1286 ⁶²⁰·laecis
537 1243 585 1285 et
609 1235 840 1285 Lusitanis
869 1236 1166 1299 triumphavit
1198 1252 1363 1300 mag-na
1391 1236 1559 1300 gloria.
1607 1235 1667 1285 Et
1690 1234 1741 1284 P.
1771 1235 1870 1285 Sci-

364 1307 443 1370 pio
472 1305 720 1354 Africanus
757 1304 816 1354 de
843 1303 1134 1354 Numantinis
1172 1305 1426 1354 secundum
1462 1306 1741 1369 triumphum
1776 1306 1871 1369 egit

364 1392 455 1424 xiv.
484 1389 603 1424 anno
625 1382 749 1438 post,
777 1390 913 1440 quam
932 1375 1135 1439 priorem
1161 1374 1221 1424 de
1240 1374 1398 1423 Africa
1420 1383 1597 1438 egerat.

468 1462 607 1513 CAP.
629 1461 735 1511 XX.
771 1460 948 1511 Motum
974 1462 1156 1511 interim
1183 1463 1230 1510 in
1256 1461 1370 1510 Asia
1394 1461 1567 1510 bellum
1593 1469 1665 1509 est
1693 1462 1748 1509 ab
1769 1460 1870 1508 Ari·

363 1533 548 1583 stonico
567 1530 792 1580 Eumenis
818 1530 940 1591 filio,
966 1532 1044 1595 qui
1065 1546 1124 1580 ex
1145 1531 1403 1580 concubina
1432 1537 1683 1594 susceptus
1704 1531 1867 1582 fuerat.

265 1601 411 1654 auls
449 1600 683 1650 Eumenes
720 1599 862 1649 frater
893 1599 1035 1648 Attali
1073 1600 1238 1649 fuerat.
1290 1599 1531 1648 Adversus
1561 1615 1666 1649 eum
1700 1601 1871 1648 missus

278 1671 579 1736 62¹·pontifex
605 1668 655 1717 P.
681 1668 884 1718 Licinius
905 1668 1102 1718 Crassus
1130 1669 1307 1718 infinita
1324 1684 1489 1734 regum
1508 1669 1667 1730 habuit
1685 1669 1869 1719 auxilia.

362 1740 479 1790 Nam
508 1747 555 1788 et
581 1738 824 1800 Bithyniae
853 1753 937 1787 rex
963 1737 1249 1787 Nicomedes
1269 1738 1508 1788 Romanos
1533 1740 1672 1800 iuvit,
1712 1746 1759 1786 et
1783 1737 1870 1786 Mi·

362 1807 585 1859 thridates
620 1806 859 1870 PonticuS,
891 1822 995 1855 cum
1023 1821 1117 1871 quo
1145 1807 1318 1856 bellum
1349 1815 1517 1870 postea
1543 1808 1869 1871 gravissimum

363 1880 475 1941 fuit,
517 1884 563 1926 et
588 1875 856 1926 Ariarathes
878 1874 1162 1939 Cappadox,
1191 1883 1238 1924 et
1256 1874 1560 1937 Pylaemenes
1580 1874 1867 1940 Paphlagon.

361 1948 526 1997 Victus
545 1952 619 1995 est
643 1953 798 1994 tamen
809 1942 1006 1993 Crassus
1027 1947 1072 1993 in
1098 1943 1281 2008 proelio
1310 1950 1356 1993 et
1376 1945 1668 1994 interfectus,
1720 1944 1869 2009 Caput

365 2019 466 2066 eius
492 2015 761 2064 Aristonico
799 2013 1002 2062 oblatum
1042 2021 1137 2077 est,
1174 2028 1346 2078 corpus
1368 2014 1592 2076 Smyrnae
1617 2013 1869 2078 sepultum.

260 2097 351 2133 As).
364 2084 534 2134 Postea
562 2083 812 2147 Perperna,
842 2082 1007 2132 consul
1024 2083 1279 2146 RomanuS,
1310 2085 1388 2148 qui
1419 2097 1674 2132 successor
1692 2083 1868 2132 Crasso

262 2154 336 2189 Μ·
365 2154 608 2215 veniebat,
647 2151 800 2201 audita
834 2151 947 2201 belli
973 2152 1156 2201 fortuna
1185 2152 1242 2202 ad
1267 2152 1424 2202 Asiam
1447 2153 1671 2202 celeravit
1698 2159 1744 2201 et
1764 2154 1866 2201 acie

362 2225 535 2273 victum
552 2221 867 2271 Aristonicum
886 2221 1009 2286 apud
1029 2222 1322 2271 Stratonicen
1343 2224 1593 2285 civitatem,
1617 2235 1709 2286 quo
1732 2222 1867 2286 fuge-

362 2300 446 2357 rat,
469 2292 591 2341 fame
609 2291 667 2340 ad
687 2290 973 2345 deditionem
992 2291 1229 2356 compulit.
1262 2291 1558 2341 Aristonicus
1578 2293 1709 2341 iussu
1733 2305 1866 2340 sena-

361 2371 434 2411 tus
453 2362 636 2411 Romae
654 2362 699 2409 in
729 2374 920 2409 carcere
939 2359 1249 2424 strangulatus
1277 2367 1364 2409 est.
1425 2360 1714 2424 Triumphari
1745 2362 1867 2408 enim

362 2431 421 2480 de
459 2445 517 2480 eo
553 2443 647 2479 non
677 2436 882 2493 poterat,
917 2431 1025 2493 quia
1050 2429 1286 2493 Perperna
1314 2430 1435 2494 apud
1464 2429 1738 2494 Pergamum
1771 2427 1865 2477 Ro·

361 2516 479 2550 mam
497 2498 686 2550 rediens
707 2498 828 2548 diem
849 2497 1043 2550 obierat.

266 2602 356 2636 Α.υ.
471 2584 758 2637 οΔΡ.ΧΧ1.
804 2584 855 2634 L.
887 2584 1095 2635 Caecilio
1121 2584 1315 2634 Metello
1355 2593 1400 2633 et
1431 2583 1483 2633 T.
1514 2583 1733 2645 Quinctio
1762 2583 1864 2634 Fla-

278 2657 352 2692 ⁶2⁹·
365 2657 538 2704 minino
568 2669 694 2704 coss.
730 2653 961 2720 Carthago
993 2657 1039 2703 in
1066 2654 1226 2704 Africa
1261 2656 1393 2703 iussu
1432 2661 1619 2703 senatus
1655 2661 1865 2718 reparata

363 2731 454 2788 est,
476 2739 597 2789 quae
614 2739 735 2773 nunc
756 2732 926 2787 manet,
958 2726 1090 2774 annis
1111 2724 1292 2773 duobus
1320 2731 1366 2772 et
1386 2725 1552 2787 viginti
1573 2731 1705 2787 post,
1730 2737 1865 2786 quam

360 2809 386 2843 a
406 2793 630 2858 Scipione
656 2793 807 2842 fuerat
828 2808 1009 2842 eversa.
1050 2793 1251 2842 Deducti
1280 2808 1337 2842 eo
1359 2800 1465 2842 sunt
1499 2794 1627 2841 cives
1651 2791 1863 2840 Romani.
