<?xml version="1.0" encoding="UTF-8"?>
<!DOCTYPE html PUBLIC "-//W3C//DTD XHTML 1.0 Transitional//EN"
    "http://www.w3.org/TR/xhtml1/DTD/xhtml1-transitional.dtd">
<html xmlns="http://www.w3.org/1999/xhtml" xml:lang="en" lang="en">
 <head>
  <title>
</title>
<meta http-equiv="Content-Type" content="text/html;charset=utf-8" />
  <meta name='ocr-system' content='tesseract 3.04.00' />
  <meta name='ocr-capabilities' content='ocr_page ocr_carea ocr_par ocr_line ocrx_word'/>
</head>
<body>
  <div class='ocr_page' id='page_1' title='image "./breviariumhistor00eutruoft_0063.png"; bbox 0 0 2026 3238; ppageno 0'>
   <div class='ocr_carea' id='block_1_1' title="bbox 715 141 1657 218">
    <p class='ocr_par' dir='ltr' id='par_1_1' title="bbox 715 141 1657 218">
     <span class='ocr_line' id='line_1_1' title="bbox 715 141 1657 218; baseline 0.002 -2"><span class='ocrx_word' id='word_1_1' title='bbox 715 171 1084 216; x_wconf 76' lang='lat' dir='ltr'><strong>LIBERVH.</strong></span> <span class='ocrx_word' id='word_1_2' title='bbox 1455 141 1462 149; x_wconf 70' lang='grc'><em>’</em></span> <span class='ocrx_word' id='word_1_3' title='bbox 1592 169 1657 218; x_wconf 85' lang='grc'><strong>51</strong></span> 
     </span>
    </p>
   </div>
   <div class='ocr_carea' id='block_1_2' title="bbox 132 305 1769 2801">
    <p class='ocr_par' dir='ltr' id='par_1_2' title="bbox 132 305 1769 2801">
     <span class='ocr_line' id='line_1_2' title="bbox 141 305 1658 370; baseline 0.001 -14"><span class='ocrx_word' id='word_1_4' title='bbox 141 322 245 356; x_wconf 90' lang='lat' dir='ltr'><strong>cum</strong></span> <span class='ocrx_word' id='word_1_5' title='bbox 265 308 311 355; x_wconf 92' lang='lat' dir='ltr'><strong>in</strong></span> <span class='ocrx_word' id='word_1_6' title='bbox 330 305 462 355; x_wconf 87' lang='lat' dir='ltr'><strong>ltalia</strong></span> <span class='ocrx_word' id='word_1_7' title='bbox 486 306 581 354; x_wconf 87' lang='lat' dir='ltr'><strong>levi</strong></span> <span class='ocrx_word' id='word_1_8' title='bbox 606 305 789 370; x_wconf 91' lang='lat' dir='ltr'><strong>proelio</strong></span> <span class='ocrx_word' id='word_1_9' title='bbox 808 306 961 353; x_wconf 88' lang='lat' dir='ltr'><strong>victus</strong></span> <span class='ocrx_word' id='word_1_10' title='bbox 982 313 1136 367; x_wconf 89' lang='lat' dir='ltr'><strong>esset,</strong></span> <span class='ocrx_word' id='word_1_11' title='bbox 1164 306 1380 369; x_wconf 83' lang='lat' dir='ltr'><strong>ingentes</strong></span> <span class='ocrx_word' id='word_1_12' title='bbox 1407 314 1559 356; x_wconf 87' lang='lat' dir='ltr'><strong>tamen</strong></span> <span class='ocrx_word' id='word_1_13' title='bbox 1579 322 1658 357; x_wconf 91' lang='lat' dir='ltr'><strong>co-</strong></span> 
     </span>
     <span class='ocr_line' id='line_1_3' title="bbox 141 374 1659 440; baseline 0.001 -15"><span class='ocrx_word' id='word_1_14' title='bbox 141 378 242 440; x_wconf 83' lang='lat' dir='ltr'>pias</span> <span class='ocrx_word' id='word_1_15' title='bbox 264 376 320 425; x_wconf 89' lang='lat' dir='ltr'><strong>ad</strong></span> <span class='ocrx_word' id='word_1_16' title='bbox 346 374 521 424; x_wconf 89' lang='lat' dir='ltr'><strong>bellum</strong></span> <span class='ocrx_word' id='word_1_17' title='bbox 550 375 771 438; x_wconf 87' lang='lat' dir='ltr'><strong>haberet,</strong></span> <span class='ocrx_word' id='word_1_18' title='bbox 809 381 978 438; x_wconf 90' lang='lat' dir='ltr'><strong>sponte</strong></span> <span class='ocrx_word' id='word_1_19' title='bbox 1004 382 1156 424; x_wconf 86' lang='lat' dir='ltr'><strong>semet</strong></span> <span class='ocrx_word' id='word_1_20' title='bbox 1184 375 1359 424; x_wconf 89' lang='lat' dir='ltr'><strong>occidit</strong></span> <span class='ocrx_word' id='word_1_21' title='bbox 1390 378 1659 439; x_wconf 89' lang='lat' dir='ltr'><strong>petentibus</strong></span> 
     </span>
     <span class='ocr_line' id='line_1_4' title="bbox 141 443 1657 509; baseline 0.001 -15"><span class='ocrx_word' id='word_1_22' title='bbox 141 446 381 509; x_wconf 86' lang='lat' dir='ltr'><strong>militibus,</strong></span> <span class='ocrx_word' id='word_1_23' title='bbox 401 460 460 493; x_wconf 90' lang='lat' dir='ltr'><strong>ne</strong></span> <span class='ocrx_word' id='word_1_24' title='bbox 479 452 571 494; x_wconf 91' lang='lat' dir='ltr'><strong>tam</strong></span> <span class='ocrx_word' id='word_1_25' title='bbox 592 445 686 493; x_wconf 87' lang='lat' dir='ltr'><strong>cito</strong></span> <span class='ocrx_word' id='word_1_26' title='bbox 707 444 766 494; x_wconf 90' lang='lat' dir='ltr'><strong>de</strong></span> <span class='ocrx_word' id='word_1_27' title='bbox 786 443 899 493; x_wconf 86' lang='lat' dir='ltr'><strong>belli</strong></span> <span class='ocrx_word' id='word_1_28' title='bbox 924 443 1198 508; x_wconf 80' lang='lat' dir='ltr'><strong>desperaret</strong></span> <span class='ocrx_word' id='word_1_29' title='bbox 1213 453 1401 508; x_wconf 84' lang='lat' dir='ltr'><strong>eventu,</strong></span> <span class='ocrx_word' id='word_1_30' title='bbox 1428 460 1531 495; x_wconf 90' lang='lat' dir='ltr'><strong>cum</strong></span> <span class='ocrx_word' id='word_1_31' title='bbox 1545 449 1657 496; x_wconf 90' lang='lat' dir='ltr'><strong>tanti</strong></span> 
     </span>
     <span class='ocr_line' id='line_1_5' title="bbox 140 514 1740 577; baseline 0.001 -13"><span class='ocrx_word' id='word_1_32' title='bbox 140 530 194 564; x_wconf 89' lang='lat' dir='ltr'><strong>se</strong></span> <span class='ocrx_word' id='word_1_33' title='bbox 226 527 321 564; x_wconf 92' lang='lat' dir='ltr'><strong>non</strong></span> <span class='ocrx_word' id='word_1_34' title='bbox 346 530 456 563; x_wconf 86' lang='lat' dir='ltr'><strong>esse</strong></span> <span class='ocrx_word' id='word_1_35' title='bbox 488 514 710 576; x_wconf 78' lang='lat' dir='ltr'><strong>dixisset,</strong></span> <span class='ocrx_word' id='word_1_36' title='bbox 748 520 798 562; x_wconf 93' lang='lat' dir='ltr'><strong>ut</strong></span> <span class='ocrx_word' id='word_1_37' title='bbox 818 522 1014 577; x_wconf 89' lang='lat' dir='ltr'><strong>propter</strong></span> <span class='ocrx_word' id='word_1_38' title='bbox 1034 529 1138 563; x_wconf 92' lang='lat' dir='ltr'><strong>eum</strong></span> <span class='ocrx_word' id='word_1_39' title='bbox 1166 515 1305 563; x_wconf 89' lang='lat' dir='ltr'><strong>civile</strong></span> <span class='ocrx_word' id='word_1_40' title='bbox 1331 515 1506 565; x_wconf 89' lang='lat' dir='ltr'><strong>bellum</strong></span> <span class='ocrx_word' id='word_1_41' title='bbox 1530 531 1656 566; x_wconf 90' lang='lat' dir='ltr'><strong>com·</strong></span> <span class='ocrx_word' id='word_1_42' title='bbox 1698 538 1740 572; x_wconf 78' lang='lat' dir='ltr'><strong>p.</strong></span> 
     </span>
     <span class='ocr_line' id='line_1_6' title="bbox 138 583 1769 647; baseline 0.002 -14"><span class='ocrx_word' id='word_1_43' title='bbox 138 592 420 634; x_wconf 85' lang='lat' dir='ltr'><strong>moveretur.</strong></span> <span class='ocrx_word' id='word_1_44' title='bbox 458 583 731 633; x_wconf 82' lang='lat' dir='ltr'>Voluntaria</span> <span class='ocrx_word' id='word_1_45' title='bbox 747 590 898 632; x_wconf 90' lang='lat' dir='ltr'><strong>morte</strong></span> <span class='ocrx_word' id='word_1_46' title='bbox 921 584 1037 632; x_wconf 85' lang='lat' dir='ltr'><strong>obiit</strong></span> <span class='ocrx_word' id='word_1_47' title='bbox 1053 586 1297 647; x_wconf 88' lang='lat' dir='ltr'><strong>trigesimo</strong></span> <span class='ocrx_word' id='word_1_48' title='bbox 1320 592 1368 633; x_wconf 89' lang='lat' dir='ltr'><strong>et</strong></span> <span class='ocrx_word' id='word_1_49' title='bbox 1387 593 1556 635; x_wconf 88' lang='lat' dir='ltr'><strong>octavo</strong></span> <span class='ocrx_word' id='word_1_50' title='bbox 1578 602 1656 635; x_wconf 90' lang='lat' dir='ltr'><strong>ae·</strong></span> <span class='ocrx_word' id='word_1_51' title='bbox 1674 594 1769 630; x_wconf 59' lang='lat' dir='ltr'><strong>QN·</strong></span> 
     </span>
     <span class='ocr_line' id='line_1_7' title="bbox 139 652 1742 717; baseline -0.001 -14"><span class='ocrx_word' id='word_1_52' title='bbox 139 655 246 703; x_wconf 87' lang='lat' dir='ltr'><strong>tatis</strong></span> <span class='ocrx_word' id='word_1_53' title='bbox 266 668 403 715; x_wconf 88' lang='lat' dir='ltr'><strong>ann0‚</strong></span> <span class='ocrx_word' id='word_1_54' title='bbox 430 654 737 716; x_wconf 89' lang='lat' dir='ltr'><strong>nonagesimo</strong></span> <span class='ocrx_word' id='word_1_55' title='bbox 760 661 808 701; x_wconf 92' lang='lat' dir='ltr'><strong>et</strong></span> <span class='ocrx_word' id='word_1_56' title='bbox 831 654 988 717; x_wconf 88' lang='lat' dir='ltr'><strong>quinto</strong></span> <span class='ocrx_word' id='word_1_57' title='bbox 1018 654 1201 716; x_wconf 88' lang='lat' dir='ltr'><strong>imperii</strong></span> <span class='ocrx_word' id='word_1_58' title='bbox 1222 654 1315 703; x_wconf 91' lang='lat' dir='ltr'><strong>die.</strong></span> <span class='ocrx_word' id='word_1_59' title='bbox 1686 652 1742 689; x_wconf 74' lang='lat'><strong>⁶⁹·</strong></span> 
     </span>
     <span class='ocr_line' id='line_1_8' title="bbox 245 720 1656 789; baseline 0.001 -17"><span class='ocrx_word' id='word_1_60' title='bbox 245 723 390 772; x_wconf 63' lang='lat' dir='ltr'><strong>Car.</strong></span> <span class='ocrx_word' id='word_1_61' title='bbox 423 720 597 772; x_wconf 80' lang='lat' dir='ltr'>XVIII.</span> <span class='ocrx_word' id='word_1_62' title='bbox 629 720 790 789; x_wconf 88' lang='lat' dir='ltr'><strong>(XII.)</strong></span> <span class='ocrx_word' id='word_1_63' title='bbox 847 722 971 771; x_wconf 86' lang='lat' dir='ltr'><strong>Dein</strong></span> <span class='ocrx_word' id='word_1_64' title='bbox 999 723 1216 772; x_wconf 82' lang='lat' dir='ltr'><strong>Vitellius</strong></span> <span class='ocrx_word' id='word_1_65' title='bbox 1245 725 1446 788; x_wconf 83' lang='lat' dir='ltr'><strong>imperio</strong></span> <span class='ocrx_word' id='word_1_66' title='bbox 1476 727 1656 789; x_wconf 91' lang='lat' dir='ltr'><strong>potitus</strong></span> 
     </span>
     <span class='ocr_line' id='line_1_9' title="bbox 139 791 1656 858; baseline 0.003 -18"><span class='ocrx_word' id='word_1_67' title='bbox 139 799 228 855; x_wconf 90' lang='lat' dir='ltr'><strong>est,</strong></span> <span class='ocrx_word' id='word_1_68' title='bbox 250 791 422 840; x_wconf 87' lang='lat' dir='ltr'><strong>familia</strong></span> <span class='ocrx_word' id='word_1_69' title='bbox 440 792 666 840; x_wconf 90' lang='lat' dir='ltr'><strong>honorata</strong></span> <span class='ocrx_word' id='word_1_70' title='bbox 686 792 836 855; x_wconf 89' lang='lat' dir='ltr'><strong>magis</strong></span> <span class='ocrx_word' id='word_1_71' title='bbox 858 807 996 856; x_wconf 86' lang='lat' dir='ltr'><strong>quam</strong></span> <span class='ocrx_word' id='word_1_72' title='bbox 1013 793 1176 840; x_wconf 89' lang='lat' dir='ltr'><strong>nobili.</strong></span> <span class='ocrx_word' id='word_1_73' title='bbox 1238 793 1353 842; x_wconf 89' lang='lat' dir='ltr'><strong>Nam</strong></span> <span class='ocrx_word' id='word_1_74' title='bbox 1387 802 1520 858; x_wconf 87' lang='lat' dir='ltr'><strong>pater</strong></span> <span class='ocrx_word' id='word_1_75' title='bbox 1554 797 1656 843; x_wconf 91' lang='lat' dir='ltr'><strong>eius</strong></span> 
     </span>
     <span class='ocr_line' id='line_1_10' title="bbox 136 860 1658 927; baseline 0.002 -17"><span class='ocrx_word' id='word_1_76' title='bbox 136 875 228 910; x_wconf 91' lang='lat' dir='ltr'><strong>non</strong></span> <span class='ocrx_word' id='word_1_77' title='bbox 245 860 491 910; x_wconf 82' lang='lat' dir='ltr'><strong>admodum</strong></span> <span class='ocrx_word' id='word_1_78' title='bbox 514 860 638 910; x_wconf 91' lang='lat' dir='ltr'><strong>clare</strong></span> <span class='ocrx_word' id='word_1_79' title='bbox 656 869 791 910; x_wconf 90' lang='lat' dir='ltr'><strong>natus</strong></span> <span class='ocrx_word' id='word_1_80' title='bbox 807 898 821 923; x_wconf 93' lang='lat'><strong>,</strong></span> <span class='ocrx_word' id='word_1_81' title='bbox 854 869 951 909; x_wconf 89' lang='lat' dir='ltr'><strong>tres</strong></span> <span class='ocrx_word' id='word_1_82' title='bbox 972 869 1125 910; x_wconf 89' lang='lat' dir='ltr'><strong>tamen</strong></span> <span class='ocrx_word' id='word_1_83' title='bbox 1151 862 1410 911; x_wconf 88' lang='lat' dir='ltr'><strong>ordinarios</strong></span> <span class='ocrx_word' id='word_1_84' title='bbox 1440 873 1658 927; x_wconf 82' lang='lat' dir='ltr'><strong>gesserat</strong></span> 
     </span>
     <span class='ocr_line' id='line_1_11' title="bbox 138 929 1657 997; baseline 0.002 -17"><span class='ocrx_word' id='word_1_85' title='bbox 138 930 426 980; x_wconf 77' lang='lat' dir='ltr'><strong>consulatuS.</strong></span> <span class='ocrx_word' id='word_1_86' title='bbox 474 930 563 979; x_wconf 89' lang='lat' dir='ltr'><strong>Hic</strong></span> <span class='ocrx_word' id='word_1_87' title='bbox 591 945 694 979; x_wconf 90' lang='lat' dir='ltr'><strong>cum</strong></span> <span class='ocrx_word' id='word_1_88' title='bbox 727 930 872 979; x_wconf 89' lang='lat' dir='ltr'><strong>multo</strong></span> <span class='ocrx_word' id='word_1_89' title='bbox 902 929 1139 981; x_wconf 86' lang='lat' dir='ltr'><strong>dedecore</strong></span> <span class='ocrx_word' id='word_1_90' title='bbox 1167 932 1414 995; x_wconf 88' lang='lat' dir='ltr'><strong>imperavit</strong></span> <span class='ocrx_word' id='word_1_91' title='bbox 1443 941 1491 981; x_wconf 89' lang='lat' dir='ltr'><strong>et</strong></span> <span class='ocrx_word' id='word_1_92' title='bbox 1524 936 1657 997; x_wconf 90' lang='lat' dir='ltr'><strong>gravi</strong></span> 
     </span>
     <span class='ocr_line' id='line_1_12' title="bbox 136 1000 1657 1070; baseline 0.002 -21"><span class='ocrx_word' id='word_1_93' title='bbox 136 1001 331 1049; x_wconf 87' lang='lat' dir='ltr'><strong>saevitia</strong></span> <span class='ocrx_word' id='word_1_94' title='bbox 347 1000 585 1062; x_wconf 81' lang='lat' dir='ltr'><strong>notabilis,</strong></span> <span class='ocrx_word' id='word_1_95' title='bbox 611 1002 869 1063; x_wconf 82' lang='lat' dir='ltr'><strong>praecipue</strong></span> <span class='ocrx_word' id='word_1_96' title='bbox 888 1000 1098 1063; x_wconf 83' lang='lat' dir='ltr'><strong>ingluvie</strong></span> <span class='ocrx_word' id='word_1_97' title='bbox 1113 1008 1161 1048; x_wconf 91' lang='lat' dir='ltr'><strong>et</strong></span> <span class='ocrx_word' id='word_1_98' title='bbox 1179 1004 1456 1065; x_wconf 77' lang='lat' dir='ltr'><strong>voracitate,</strong></span> <span class='ocrx_word' id='word_1_99' title='bbox 1479 1005 1657 1070; x_wconf 84' lang='lat' dir='ltr'><strong>quippe</strong></span> 
     </span>
     <span class='ocr_line' id='line_1_13' title="bbox 137 1068 1656 1134; baseline 0.002 -16"><span class='ocrx_word' id='word_1_100' title='bbox 137 1085 241 1118; x_wconf 90' lang='lat' dir='ltr'><strong>cum</strong></span> <span class='ocrx_word' id='word_1_101' title='bbox 261 1069 321 1118; x_wconf 90' lang='lat' dir='ltr'><strong>de</strong></span> <span class='ocrx_word' id='word_1_102' title='bbox 340 1068 418 1118; x_wconf 89' lang='lat' dir='ltr'><strong>die</strong></span> <span class='ocrx_word' id='word_1_103' title='bbox 436 1083 584 1133; x_wconf 81' lang='lat' dir='ltr'><strong>saepe</strong></span> <span class='ocrx_word' id='word_1_104' title='bbox 610 1077 775 1133; x_wconf 79' lang='lat' dir='ltr'><strong>quarto</strong></span> <span class='ocrx_word' id='word_1_105' title='bbox 805 1069 883 1117; x_wconf 90' lang='lat' dir='ltr'><strong>vel</strong></span> <span class='ocrx_word' id='word_1_106' title='bbox 906 1072 1068 1133; x_wconf 89' lang='lat' dir='ltr'><strong>quinto</strong></span> <span class='ocrx_word' id='word_1_107' title='bbox 1094 1070 1270 1119; x_wconf 89' lang='lat' dir='ltr'><strong>feratur</strong></span> <span class='ocrx_word' id='word_1_108' title='bbox 1295 1071 1527 1134; x_wconf 80' lang='lat' dir='ltr'><strong>epulatuS.</strong></span> <span class='ocrx_word' id='word_1_109' title='bbox 1559 1072 1656 1121; x_wconf 92' lang='lat' dir='ltr'><strong>No-</strong></span> 
     </span>
     <span class='ocr_line' id='line_1_14' title="bbox 136 1139 1656 1204; baseline 0.002 -17"><span class='ocrx_word' id='word_1_110' title='bbox 136 1141 314 1188; x_wconf 82' lang='lat' dir='ltr'><strong>tissima</strong></span> <span class='ocrx_word' id='word_1_111' title='bbox 333 1146 463 1187; x_wconf 88' lang='lat' dir='ltr'><strong>certe</strong></span> <span class='ocrx_word' id='word_1_112' title='bbox 488 1153 636 1187; x_wconf 87' lang='lat' dir='ltr'><strong>coena</strong></span> <span class='ocrx_word' id='word_1_113' title='bbox 661 1140 917 1188; x_wconf 87' lang='lat' dir='ltr'><strong>memoriae</strong></span> <span class='ocrx_word' id='word_1_114' title='bbox 933 1139 1145 1188; x_wconf 88' lang='lat' dir='ltr'><strong>mandata</strong></span> <span class='ocrx_word' id='word_1_115' title='bbox 1166 1147 1255 1203; x_wconf 87' lang='lat' dir='ltr'><strong>est,</strong></span> <span class='ocrx_word' id='word_1_116' title='bbox 1283 1155 1420 1204; x_wconf 88' lang='lat' dir='ltr'><strong>quam</strong></span> <span class='ocrx_word' id='word_1_117' title='bbox 1446 1143 1491 1189; x_wconf 90' lang='lat' dir='ltr'><strong>ei</strong></span> <span class='ocrx_word' id='word_1_118' title='bbox 1509 1141 1656 1191; x_wconf 92' lang='lat' dir='ltr'><strong>Vitel-</strong></span> 
     </span>
     <span class='ocr_line' id='line_1_15' title="bbox 138 1208 1655 1274; baseline 0.003 -17"><span class='ocrx_word' id='word_1_119' title='bbox 138 1210 225 1257; x_wconf 91' lang='lat' dir='ltr'><strong>lius</strong></span> <span class='ocrx_word' id='word_1_120' title='bbox 251 1208 396 1257; x_wconf 71' lang='lat' dir='ltr'><strong>fiater</strong></span> <span class='ocrx_word' id='word_1_121' title='bbox 419 1208 646 1271; x_wconf 88' lang='lat' dir='ltr'><strong>exhibuit,</strong></span> <span class='ocrx_word' id='word_1_122' title='bbox 679 1209 727 1257; x_wconf 91' lang='lat' dir='ltr'><strong>in</strong></span> <span class='ocrx_word' id='word_1_123' title='bbox 759 1223 869 1273; x_wconf 84' lang='lat' dir='ltr'><strong>qua,</strong></span> <span class='ocrx_word' id='word_1_124' title='bbox 899 1223 1043 1272; x_wconf 91' lang='lat' dir='ltr'><strong>super</strong></span> <span class='ocrx_word' id='word_1_125' title='bbox 1070 1216 1256 1258; x_wconf 89' lang='lat' dir='ltr'><strong>ceteros</strong></span> <span class='ocrx_word' id='word_1_126' title='bbox 1278 1218 1521 1274; x_wconf 89' lang='lat' dir='ltr'><strong>sumptus,</strong></span> <span class='ocrx_word' id='word_1_127' title='bbox 1563 1212 1655 1261; x_wconf 93' lang='lat' dir='ltr'><strong>duo</strong></span> 
     </span>
     <span class='ocr_line' id='line_1_16' title="bbox 136 1277 1656 1342; baseline 0.003 -16"><span class='ocrx_word' id='word_1_128' title='bbox 136 1277 259 1326; x_wconf 90' lang='lat' dir='ltr'><strong>milia</strong></span> <span class='ocrx_word' id='word_1_129' title='bbox 283 1279 500 1341; x_wconf 79' lang='lat' dir='ltr'><strong>piscium,</strong></span> <span class='ocrx_word' id='word_1_130' title='bbox 523 1285 707 1341; x_wconf 91' lang='lat' dir='ltr'><strong>septem</strong></span> <span class='ocrx_word' id='word_1_131' title='bbox 725 1280 879 1326; x_wconf 87' lang='lat' dir='ltr'><strong>avium</strong></span> <span class='ocrx_word' id='word_1_132' title='bbox 896 1278 1024 1327; x_wconf 89' lang='lat' dir='ltr'><strong>milia</strong></span> <span class='ocrx_word' id='word_1_133' title='bbox 1047 1281 1266 1342; x_wconf 90' lang='lat' dir='ltr'><strong>apposita</strong></span> <span class='ocrx_word' id='word_1_134' title='bbox 1285 1280 1537 1330; x_wconf 89' lang='lat' dir='ltr'><strong>traduntur.</strong></span> <span class='ocrx_word' id='word_1_135' title='bbox 1567 1281 1656 1330; x_wconf 88' lang='lat' dir='ltr'><strong>Hic</strong></span> 
     </span>
     <span class='ocr_line' id='line_1_17' title="bbox 136 1346 1653 1413; baseline 0.003 -18"><span class='ocrx_word' id='word_1_136' title='bbox 136 1362 241 1396; x_wconf 89' lang='lat' dir='ltr'><strong>cum</strong></span> <span class='ocrx_word' id='word_1_137' title='bbox 265 1346 443 1395; x_wconf 87' lang='lat' dir='ltr'><strong>Neroni</strong></span> <span class='ocrx_word' id='word_1_138' title='bbox 465 1347 630 1395; x_wconf 86' lang='lat' dir='ltr'><strong>similis</strong></span> <span class='ocrx_word' id='word_1_139' title='bbox 650 1362 762 1396; x_wconf 89' lang='lat' dir='ltr'><strong>esse</strong></span> <span class='ocrx_word' id='word_1_140' title='bbox 781 1346 928 1395; x_wconf 91' lang='lat' dir='ltr'><strong>vellet</strong></span> <span class='ocrx_word' id='word_1_141' title='bbox 946 1355 1086 1412; x_wconf 88' lang='lat' dir='ltr'><strong>atque</strong></span> <span class='ocrx_word' id='word_1_142' title='bbox 1116 1348 1164 1396; x_wconf 90' lang='lat' dir='ltr'><strong>id</strong></span> <span class='ocrx_word' id='word_1_143' title='bbox 1183 1348 1304 1398; x_wconf 91' lang='lat' dir='ltr'><strong>adeo</strong></span> <span class='ocrx_word' id='word_1_144' title='bbox 1331 1363 1445 1413; x_wconf 89' lang='lat' dir='ltr'><strong>prae</strong></span> <span class='ocrx_word' id='word_1_145' title='bbox 1475 1365 1528 1398; x_wconf 91' lang='lat' dir='ltr'><strong>se</strong></span> <span class='ocrx_word' id='word_1_146' title='bbox 1561 1351 1653 1399; x_wconf 86' lang='lat' dir='ltr'><strong>fer·</strong></span> 
     </span>
     <span class='ocr_line' id='line_1_18' title="bbox 136 1416 1654 1484; baseline 0.003 -19"><span class='ocrx_word' id='word_1_147' title='bbox 136 1424 223 1479; x_wconf 87' lang='lat' dir='ltr'><strong>ret,</strong></span> <span class='ocrx_word' id='word_1_148' title='bbox 256 1424 307 1465; x_wconf 88' lang='lat' dir='ltr'><strong>ut</strong></span> <span class='ocrx_word' id='word_1_149' title='bbox 326 1417 463 1465; x_wconf 91' lang='lat' dir='ltr'><strong>etiam</strong></span> <span class='ocrx_word' id='word_1_150' title='bbox 484 1418 737 1481; x_wconf 83' lang='lat' dir='ltr'><strong>exsequias</strong></span> <span class='ocrx_word' id='word_1_151' title='bbox 759 1416 963 1466; x_wconf 90' lang='lat' dir='ltr'><strong>Neronis</strong></span> <span class='ocrx_word' id='word_1_152' title='bbox 977 1454 991 1479; x_wconf 92' lang='lat'>‚</span> <span class='ocrx_word' id='word_1_153' title='bbox 1033 1433 1153 1482; x_wconf 89' lang='lat' dir='ltr'><strong>quae</strong></span> <span class='ocrx_word' id='word_1_154' title='bbox 1174 1417 1410 1467; x_wconf 90' lang='lat' dir='ltr'><strong>humiliter</strong></span> <span class='ocrx_word' id='word_1_155' title='bbox 1438 1420 1654 1484; x_wconf 87' lang='lat' dir='ltr'><strong>sepultae</strong></span> 
     </span>
     <span class='ocr_line' id='line_1_19' title="bbox 132 1486 1652 1549; baseline 0.002 -13"><span class='ocrx_word' id='word_1_156' title='bbox 132 1488 333 1548; x_wconf 76' lang='lat' dir='ltr'><strong>fuerant,</strong></span> <span class='ocrx_word' id='word_1_157' title='bbox 363 1486 644 1549; x_wconf 82' lang='lat' dir='ltr'><strong>honoraret,</strong></span> <span class='ocrx_word' id='word_1_158' title='bbox 678 1502 706 1535; x_wconf 89' lang='lat' dir='ltr'><strong>a</strong></span> <span class='ocrx_word' id='word_1_159' title='bbox 725 1486 1007 1549; x_wconf 87' lang='lat' dir='ltr'><strong>Vespasiani</strong></span> <span class='ocrx_word' id='word_1_160' title='bbox 1048 1487 1246 1536; x_wconf 90' lang='lat' dir='ltr'><strong>ducibus</strong></span> <span class='ocrx_word' id='word_1_161' title='bbox 1268 1492 1458 1537; x_wconf 91' lang='lat' dir='ltr'><strong>occisus</strong></span> <span class='ocrx_word' id='word_1_162' title='bbox 1487 1497 1560 1538; x_wconf 89' lang='lat' dir='ltr'><strong>est</strong></span> <span class='ocrx_word' id='word_1_163' title='bbox 1586 1492 1652 1539; x_wconf 93' lang='lat' dir='ltr'><strong>in-</strong></span> 
     </span>
     <span class='ocr_line' id='line_1_20' title="bbox 134 1554 1654 1623; baseline 0.003 -20"><span class='ocrx_word' id='word_1_164' title='bbox 134 1555 337 1604; x_wconf 85' lang='lat' dir='ltr'><strong>terfecto</strong></span> <span class='ocrx_word' id='word_1_165' title='bbox 359 1557 487 1619; x_wconf 90' lang='lat' dir='ltr'><strong>prius</strong></span> <span class='ocrx_word' id='word_1_166' title='bbox 505 1554 698 1618; x_wconf 86' lang='lat' dir='ltr'><strong>Sabino,</strong></span> <span class='ocrx_word' id='word_1_167' title='bbox 709 1557 988 1619; x_wconf 89' lang='lat' dir='ltr'><strong>Vespasiani</strong></span> <span class='ocrx_word' id='word_1_168' title='bbox 1013 1558 1309 1620; x_wconf 90' lang='lat' dir='ltr'><strong>imperatoris</strong></span> <span class='ocrx_word' id='word_1_169' title='bbox 1330 1558 1491 1621; x_wconf 86' lang='lat' dir='ltr'><strong>fratre,</strong></span> <span class='ocrx_word' id='word_1_170' title='bbox 1514 1575 1654 1623; x_wconf 87' lang='lat' dir='ltr'><strong>quem</strong></span> 
     </span>
     <span class='ocr_line' id='line_1_21' title="bbox 135 1623 1652 1689; baseline 0.002 -15"><span class='ocrx_word' id='word_1_171' title='bbox 135 1640 240 1674; x_wconf 91' lang='lat' dir='ltr'><strong>cum</strong></span> <span class='ocrx_word' id='word_1_172' title='bbox 264 1623 502 1689; x_wconf 81' lang='lat' dir='ltr'><strong>Capitolio</strong></span> <span class='ocrx_word' id='word_1_173' title='bbox 519 1624 741 1673; x_wconf 89' lang='lat' dir='ltr'><strong>incendit.</strong></span> <span class='ocrx_word' id='word_1_174' title='bbox 787 1624 1070 1674; x_wconf 87' lang='lat' dir='ltr'><strong>Interfectus</strong></span> <span class='ocrx_word' id='word_1_175' title='bbox 1099 1634 1254 1675; x_wconf 89' lang='lat' dir='ltr'><strong>autem</strong></span> <span class='ocrx_word' id='word_1_176' title='bbox 1274 1635 1348 1676; x_wconf 90' lang='lat' dir='ltr'><strong>est</strong></span> <span class='ocrx_word' id='word_1_177' title='bbox 1368 1635 1415 1676; x_wconf 90' lang='lat' dir='ltr'><strong>et</strong></span> <span class='ocrx_word' id='word_1_178' title='bbox 1435 1643 1540 1676; x_wconf 92' lang='lat' dir='ltr'><strong>cum</strong></span> <span class='ocrx_word' id='word_1_179' title='bbox 1558 1644 1652 1678; x_wconf 91' lang='lat' dir='ltr'><strong>ma-</strong></span> 
     </span>
     <span class='ocr_line' id='line_1_22' title="bbox 134 1694 1653 1761; baseline 0.003 -19"><span class='ocrx_word' id='word_1_180' title='bbox 134 1708 227 1759; x_wconf 90' lang='lat' dir='ltr'><strong>gno</strong></span> <span class='ocrx_word' id='word_1_181' title='bbox 252 1694 490 1743; x_wconf 88' lang='lat' dir='ltr'><strong>dedecore</strong></span> <span class='ocrx_word' id='word_1_182' title='bbox 509 1701 686 1743; x_wconf 88' lang='lat' dir='ltr'><strong>tractus</strong></span> <span class='ocrx_word' id='word_1_183' title='bbox 716 1709 802 1758; x_wconf 88' lang='lat' dir='ltr'><strong>per</strong></span> <span class='ocrx_word' id='word_1_184' title='bbox 831 1695 992 1743; x_wconf 90' lang='lat' dir='ltr'><strong>urbem</strong></span> <span class='ocrx_word' id='word_1_185' title='bbox 1020 1694 1216 1744; x_wconf 87' lang='lat' dir='ltr'><strong>Romam</strong></span> <span class='ocrx_word' id='word_1_186' title='bbox 1242 1696 1451 1759; x_wconf 87' lang='lat' dir='ltr'><strong>publice,</strong></span> <span class='ocrx_word' id='word_1_187' title='bbox 1483 1698 1653 1761; x_wconf 91' lang='lat' dir='ltr'><strong>nudus,</strong></span> 
     </span>
     <span class='ocr_line' id='line_1_23' title="bbox 136 1764 1655 1829; baseline 0.003 -17"><span class='ocrx_word' id='word_1_188' title='bbox 136 1770 295 1812; x_wconf 88' lang='lat' dir='ltr'><strong>erecta</strong></span> <span class='ocrx_word' id='word_1_189' title='bbox 315 1776 450 1812; x_wconf 87' lang='lat' dir='ltr'><strong>coma</strong></span> <span class='ocrx_word' id='word_1_190' title='bbox 474 1771 521 1811; x_wconf 87' lang='lat' dir='ltr'><strong>et</strong></span> <span class='ocrx_word' id='word_1_191' title='bbox 550 1765 724 1827; x_wconf 89' lang='lat' dir='ltr'><strong>capite,</strong></span> <span class='ocrx_word' id='word_1_192' title='bbox 755 1764 973 1812; x_wconf 88' lang='lat' dir='ltr'><strong>subiecto</strong></span> <span class='ocrx_word' id='word_1_193' title='bbox 993 1764 1052 1812; x_wconf 89' lang='lat' dir='ltr'><strong>ad</strong></span> <span class='ocrx_word' id='word_1_194' title='bbox 1078 1771 1282 1814; x_wconf 90' lang='lat' dir='ltr'><strong>mentum</strong></span> <span class='ocrx_word' id='word_1_195' title='bbox 1310 1765 1497 1829; x_wconf 89' lang='lat' dir='ltr'><strong>gladi0,</strong></span> <span class='ocrx_word' id='word_1_196' title='bbox 1537 1775 1655 1816; x_wconf 90' lang='lat' dir='ltr'><strong>ster-</strong></span> 
     </span>
     <span class='ocr_line' id='line_1_24' title="bbox 135 1833 1652 1899; baseline 0.001 -17"><span class='ocrx_word' id='word_1_197' title='bbox 135 1847 252 1882; x_wconf 87' lang='lat' dir='ltr'><strong>core</strong></span> <span class='ocrx_word' id='word_1_198' title='bbox 292 1834 340 1881; x_wconf 91' lang='lat' dir='ltr'><strong>in</strong></span> <span class='ocrx_word' id='word_1_199' title='bbox 374 1833 552 1881; x_wconf 89' lang='lat' dir='ltr'><strong>vultum</strong></span> <span class='ocrx_word' id='word_1_200' title='bbox 586 1840 633 1881; x_wconf 90' lang='lat' dir='ltr'><strong>et</strong></span> <span class='ocrx_word' id='word_1_201' title='bbox 662 1841 832 1896; x_wconf 91' lang='lat' dir='ltr'><strong>pectus</strong></span> <span class='ocrx_word' id='word_1_202' title='bbox 870 1834 926 1881; x_wconf 89' lang='lat' dir='ltr'><strong>ab</strong></span> <span class='ocrx_word' id='word_1_203' title='bbox 963 1834 1176 1882; x_wconf 92' lang='lat' dir='ltr'><strong>omnibus</strong></span> <span class='ocrx_word' id='word_1_204' title='bbox 1213 1834 1367 1882; x_wconf 92' lang='lat' dir='ltr'><strong>obviis</strong></span> <span class='ocrx_word' id='word_1_205' title='bbox 1396 1838 1652 1899; x_wconf 89' lang='lat' dir='ltr'><strong>appetitus.</strong></span> 
     </span>
     <span class='ocr_line' id='line_1_25' title="bbox 132 1901 1650 1966; baseline 0.003 -16"><span class='ocrx_word' id='word_1_206' title='bbox 132 1902 376 1952; x_wconf 90' lang='lat' dir='ltr'><strong>Postremo</strong></span> <span class='ocrx_word' id='word_1_207' title='bbox 395 1902 629 1966; x_wconf 86' lang='lat' dir='ltr'><strong>iugulatus</strong></span> <span class='ocrx_word' id='word_1_208' title='bbox 658 1909 706 1950; x_wconf 91' lang='lat' dir='ltr'><strong>et</strong></span> <span class='ocrx_word' id='word_1_209' title='bbox 728 1903 775 1951; x_wconf 90' lang='lat' dir='ltr'><strong>in</strong></span> <span class='ocrx_word' id='word_1_210' title='bbox 796 1901 1000 1951; x_wconf 88' lang='lat' dir='ltr'><strong>Tiberim</strong></span> <span class='ocrx_word' id='word_1_211' title='bbox 1021 1902 1233 1952; x_wconf 89' lang='lat' dir='ltr'><strong>deiectus</strong></span> <span class='ocrx_word' id='word_1_212' title='bbox 1259 1905 1398 1952; x_wconf 89' lang='lat' dir='ltr'><strong>etiam</strong></span> <span class='ocrx_word' id='word_1_213' title='bbox 1418 1908 1650 1955; x_wconf 86' lang='lat' dir='ltr'><strong>communi</strong></span> 
     </span>
     <span class='ocr_line' id='line_1_26' title="bbox 135 1953 1751 2045; baseline 0.002 -24"><span class='ocrx_word' id='word_1_214' title='bbox 135 1973 282 2021; x_wconf 89' lang='lat' dir='ltr'><strong>caruit</strong></span> <span class='ocrx_word' id='word_1_215' title='bbox 319 1971 575 2035; x_wconf 84' lang='lat' dir='ltr'><strong>sepultura.</strong></span> <span class='ocrx_word' id='word_1_216' title='bbox 634 1970 779 2020; x_wconf 88' lang='lat' dir='ltr'><strong>Periit</strong></span> <span class='ocrx_word' id='word_1_217' title='bbox 820 1980 974 2020; x_wconf 88' lang='lat' dir='ltr'><strong>autem</strong></span> <span class='ocrx_word' id='word_1_218' title='bbox 1011 1974 1179 2022; x_wconf 86' lang='lat' dir='ltr'><strong>aetatis</strong></span> <span class='ocrx_word' id='word_1_219' title='bbox 1206 1986 1327 2022; x_wconf 90' lang='lat' dir='ltr'><strong>anno</strong></span> <span class='ocrx_word' id='word_1_220' title='bbox 1358 1976 1560 2038; x_wconf 85' lang='lat' dir='ltr'><strong>septimo</strong></span> <span class='ocrx_word' id='word_1_221' title='bbox 1604 1983 1651 2024; x_wconf 91' lang='lat' dir='ltr'><strong>et</strong></span> <span class='ocrx_word' id='word_1_222' title='bbox 1667 1953 1751 2045; x_wconf 52' lang='grc' dir='ltr'><strong>(ξῇ</strong></span> 
     </span>
     <span class='ocr_line' id='line_1_27' title="bbox 134 2041 1734 2106; baseline 0.001 -16"><span class='ocrx_word' id='word_1_223' title='bbox 134 2043 542 2106; x_wconf 83' lang='lat' dir='ltr'><strong>quinquagesimo,</strong></span> <span class='ocrx_word' id='word_1_224' title='bbox 568 2043 754 2105; x_wconf 91' lang='lat' dir='ltr'><strong>imperii</strong></span> <span class='ocrx_word' id='word_1_225' title='bbox 778 2057 943 2090; x_wconf 87' lang='lat' dir='ltr'><strong>mense</strong></span> <span class='ocrx_word' id='word_1_226' title='bbox 966 2058 1073 2091; x_wconf 87' lang='lat' dir='ltr'><strong>vm.</strong></span> <span class='ocrx_word' id='word_1_227' title='bbox 1103 2049 1150 2090; x_wconf 92' lang='lat' dir='ltr'><strong>et</strong></span> <span class='ocrx_word' id='word_1_228' title='bbox 1170 2041 1246 2090; x_wconf 89' lang='lat' dir='ltr'><strong>die</strong></span> <span class='ocrx_word' id='word_1_229' title='bbox 1267 2057 1378 2091; x_wconf 91' lang='lat' dir='ltr'><strong>uno.</strong></span> <span class='ocrx_word' id='word_1_230' title='bbox 1476 2064 1479 2068; x_wconf 54' lang='lat'><strong><em>⁴</em></strong></span> <span class='ocrx_word' id='word_1_231' title='bbox 1680 2067 1734 2100; x_wconf 69' lang='lat'><strong>59,</strong></span> 
     </span>
     <span class='ocr_line' id='line_1_28' title="bbox 239 2109 1650 2177; baseline 0.002 -17"><span class='ocrx_word' id='word_1_232' title='bbox 239 2111 376 2160; x_wconf 60' lang='lat' dir='ltr'><strong>Car.</strong></span> <span class='ocrx_word' id='word_1_233' title='bbox 404 2109 728 2177; x_wconf 87' lang='lat' dir='ltr'><strong>Xlx.(xl11.)</strong></span> <span class='ocrx_word' id='word_1_234' title='bbox 761 2111 1080 2175; x_wconf 87' lang='lat' dir='ltr'><strong>Vespasianus</strong></span> <span class='ocrx_word' id='word_1_235' title='bbox 1095 2111 1203 2159; x_wconf 88' lang='lat' dir='ltr'><strong>huic</strong></span> <span class='ocrx_word' id='word_1_236' title='bbox 1223 2113 1475 2175; x_wconf 88' lang='lat' dir='ltr'><strong>successit,</strong></span> <span class='ocrx_word' id='word_1_237' title='bbox 1497 2113 1650 2164; x_wconf 86' lang='lat' dir='ltr'><strong>factus</strong></span> 
     </span>
     <span class='ocr_line' id='line_1_29' title="bbox 133 2179 1650 2246; baseline 0.002 -17"><span class='ocrx_word' id='word_1_238' title='bbox 133 2181 257 2244; x_wconf 88' lang='lat' dir='ltr'><strong>apud</strong></span> <span class='ocrx_word' id='word_1_239' title='bbox 291 2179 598 2229; x_wconf 85' lang='lat' dir='ltr'><strong>Palaestinam</strong></span> <span class='ocrx_word' id='word_1_240' title='bbox 640 2182 912 2243; x_wconf 87' lang='lat' dir='ltr'><strong>imperator,</strong></span> <span class='ocrx_word' id='word_1_241' title='bbox 955 2183 1178 2244; x_wconf 91' lang='lat' dir='ltr'><strong>princeps</strong></span> <span class='ocrx_word' id='word_1_242' title='bbox 1222 2182 1427 2230; x_wconf 91' lang='lat' dir='ltr'><strong>obscure</strong></span> <span class='ocrx_word' id='word_1_243' title='bbox 1463 2182 1650 2246; x_wconf 89' lang='lat' dir='ltr'><strong>quidem</strong></span> 
     </span>
     <span class='ocr_line' id='line_1_30' title="bbox 133 2248 1735 2314; baseline 0.003 -16"><span class='ocrx_word' id='word_1_244' title='bbox 133 2257 284 2312; x_wconf 85' lang='lat' dir='ltr'><strong>natus,</strong></span> <span class='ocrx_word' id='word_1_245' title='bbox 313 2249 397 2297; x_wconf 90' lang='lat' dir='ltr'><strong>sed</strong></span> <span class='ocrx_word' id='word_1_246' title='bbox 425 2251 613 2312; x_wconf 85' lang='lat' dir='ltr'><strong>optimis</strong></span> <span class='ocrx_word' id='word_1_247' title='bbox 636 2248 991 2312; x_wconf 89' lang='lat' dir='ltr'><strong>comparandus,</strong></span> <span class='ocrx_word' id='word_1_248' title='bbox 1031 2250 1209 2312; x_wconf 85' lang='lat' dir='ltr'><strong>privata</strong></span> <span class='ocrx_word' id='word_1_249' title='bbox 1232 2251 1326 2298; x_wconf 90' lang='lat' dir='ltr'><strong>vita</strong></span> <span class='ocrx_word' id='word_1_250' title='bbox 1351 2250 1562 2314; x_wconf 77' lang='lat' dir='ltr'><strong>illustriS‚</strong></span> <span class='ocrx_word' id='word_1_251' title='bbox 1598 2262 1648 2302; x_wconf 91' lang='lat' dir='ltr'><strong>ut</strong></span> <span class='ocrx_word' id='word_1_252' title='bbox 1695 2270 1735 2303; x_wconf 75' lang='lat' dir='ltr'><strong>e.</strong></span> 
     </span>
     <span class='ocr_line' id='line_1_31' title="bbox 135 2316 1764 2384; baseline 0.001 -16"><span class='ocrx_word' id='word_1_253' title='bbox 135 2321 212 2384; x_wconf 87' lang='lat' dir='ltr'><strong>qui</strong></span> <span class='ocrx_word' id='word_1_254' title='bbox 232 2333 258 2367; x_wconf 89' lang='lat' dir='ltr'><strong>a</strong></span> <span class='ocrx_word' id='word_1_255' title='bbox 279 2316 476 2367; x_wconf 88' lang='lat' dir='ltr'><strong>Claudio</strong></span> <span class='ocrx_word' id='word_1_256' title='bbox 495 2319 542 2366; x_wconf 94' lang='lat' dir='ltr'><strong>in</strong></span> <span class='ocrx_word' id='word_1_257' title='bbox 564 2316 873 2380; x_wconf 80' lang='lat' dir='ltr'><strong>Germaniam,</strong></span> <span class='ocrx_word' id='word_1_258' title='bbox 900 2318 1068 2367; x_wconf 87' lang='lat' dir='ltr'><strong>deinde</strong></span> <span class='ocrx_word' id='word_1_259' title='bbox 1088 2319 1133 2366; x_wconf 91' lang='lat' dir='ltr'><strong>in</strong></span> <span class='ocrx_word' id='word_1_260' title='bbox 1153 2318 1430 2368; x_wconf 87' lang='lat' dir='ltr'><strong>Britanniam</strong></span> <span class='ocrx_word' id='word_1_261' title='bbox 1454 2322 1644 2384; x_wconf 88' lang='lat' dir='ltr'><strong>missus,</strong></span> <span class='ocrx_word' id='word_1_262' title='bbox 1670 2325 1764 2359; x_wconf 82' lang='lat' dir='ltr'>C-N·</span> 
     </span>
     <span class='ocr_line' id='line_1_32' title="bbox 135 2382 1731 2453; baseline 0.003 -17"><span class='ocrx_word' id='word_1_263' title='bbox 135 2389 293 2437; x_wconf 88' lang='lat' dir='ltr'><strong>tricies</strong></span> <span class='ocrx_word' id='word_1_264' title='bbox 315 2395 362 2436; x_wconf 91' lang='lat' dir='ltr'><strong>et</strong></span> <span class='ocrx_word' id='word_1_265' title='bbox 380 2388 453 2436; x_wconf 89' lang='lat' dir='ltr'><strong>bis</strong></span> <span class='ocrx_word' id='word_1_266' title='bbox 476 2403 580 2435; x_wconf 92' lang='lat' dir='ltr'><strong>cum</strong></span> <span class='ocrx_word' id='word_1_267' title='bbox 602 2388 740 2436; x_wconf 87' lang='lat' dir='ltr'><strong>hoste</strong></span> <span class='ocrx_word' id='word_1_268' title='bbox 766 2387 1046 2450; x_wconf 84' lang='lat' dir='ltr'><strong>conflixerit,</strong></span> <span class='ocrx_word' id='word_1_269' title='bbox 1070 2388 1183 2437; x_wconf 89' lang='lat' dir='ltr'><strong>duas</strong></span> <span class='ocrx_word' id='word_1_270' title='bbox 1201 2387 1513 2439; x_wconf 88' lang='lat' dir='ltr'><strong>validissimas</strong></span> <span class='ocrx_word' id='word_1_271' title='bbox 1534 2406 1647 2453; x_wconf 89' lang='lat' dir='ltr'><strong>gen·</strong></span> <span class='ocrx_word' id='word_1_272' title='bbox 1676 2382 1731 2416; x_wconf 77' lang='lat'><strong>⁴3·</strong></span> 
     </span>
     <span class='ocr_line' id='line_1_33' title="bbox 134 2456 1650 2522; baseline 0.002 -17"><span class='ocrx_word' id='word_1_273' title='bbox 134 2467 226 2520; x_wconf 88' lang='lat' dir='ltr'><strong>tes,</strong></span> <span class='ocrx_word' id='word_1_274' title='bbox 248 2473 310 2506; x_wconf 87' lang='lat' dir='ltr'><strong>xx</strong></span> <span class='ocrx_word' id='word_1_275' title='bbox 330 2457 521 2521; x_wconf 90' lang='lat' dir='ltr'><strong>oppida,</strong></span> <span class='ocrx_word' id='word_1_276' title='bbox 544 2456 740 2506; x_wconf 89' lang='lat' dir='ltr'><strong>insulam</strong></span> <span class='ocrx_word' id='word_1_277' title='bbox 753 2456 965 2520; x_wconf 88' lang='lat' dir='ltr'><strong>Vectam,</strong></span> <span class='ocrx_word' id='word_1_278' title='bbox 988 2457 1251 2507; x_wconf 87' lang='lat' dir='ltr'><strong>Britanniae</strong></span> <span class='ocrx_word' id='word_1_279' title='bbox 1271 2463 1547 2522; x_wconf 86' lang='lat' dir='ltr'><strong>proximam,</strong></span> <span class='ocrx_word' id='word_1_280' title='bbox 1567 2462 1650 2509; x_wconf 91' lang='lat' dir='ltr'><strong>im-</strong></span> 
     </span>
     <span class='ocr_line' id='line_1_34' title="bbox 135 2526 1648 2591; baseline 0.002 -16"><span class='ocrx_word' id='word_1_281' title='bbox 135 2529 269 2591; x_wconf 90' lang='lat' dir='ltr'><strong>perio</strong></span> <span class='ocrx_word' id='word_1_282' title='bbox 296 2527 509 2576; x_wconf 89' lang='lat' dir='ltr'><strong>Romano</strong></span> <span class='ocrx_word' id='word_1_283' title='bbox 535 2526 774 2576; x_wconf 86' lang='lat' dir='ltr'><strong>adiecerit.</strong></span> <span class='ocrx_word' id='word_1_284' title='bbox 816 2526 995 2576; x_wconf 89' lang='lat' dir='ltr'><strong>Romae</strong></span> <span class='ocrx_word' id='word_1_285' title='bbox 1016 2543 1070 2576; x_wconf 93' lang='lat' dir='ltr'><strong>se</strong></span> <span class='ocrx_word' id='word_1_286' title='bbox 1090 2528 1137 2576; x_wconf 90' lang='lat' dir='ltr'><strong>in</strong></span> <span class='ocrx_word' id='word_1_287' title='bbox 1156 2529 1355 2591; x_wconf 90' lang='lat' dir='ltr'><strong>imperio</strong></span> <span class='ocrx_word' id='word_1_288' title='bbox 1374 2527 1648 2578; x_wconf 86' lang='lat' dir='ltr'><strong>moderatis-</strong></span> 
     </span>
     <span class='ocr_line' id='line_1_35' title="bbox 133 2595 1648 2661; baseline 0.001 -16"><span class='ocrx_word' id='word_1_289' title='bbox 133 2599 253 2646; x_wconf 89' lang='lat' dir='ltr'><strong>sime</strong></span> <span class='ocrx_word' id='word_1_290' title='bbox 276 2598 444 2660; x_wconf 82' lang='lat' dir='ltr'><strong>gessit.</strong></span> <span class='ocrx_word' id='word_1_291' title='bbox 488 2595 725 2645; x_wconf 88' lang='lat' dir='ltr'><strong>Pecuniae</strong></span> <span class='ocrx_word' id='word_1_292' title='bbox 742 2603 916 2646; x_wconf 87' lang='lat' dir='ltr'><strong>tantum</strong></span> <span class='ocrx_word' id='word_1_293' title='bbox 938 2597 1119 2646; x_wconf 89' lang='lat' dir='ltr'><strong>avidior</strong></span> <span class='ocrx_word' id='word_1_294' title='bbox 1138 2597 1239 2661; x_wconf 85' lang='lat' dir='ltr'><strong>fuit,</strong></span> <span class='ocrx_word' id='word_1_295' title='bbox 1261 2599 1325 2647; x_wconf 88' lang='lat' dir='ltr'><strong>ita</strong></span> <span class='ocrx_word' id='word_1_296' title='bbox 1344 2606 1395 2646; x_wconf 90' lang='lat' dir='ltr'><strong>ut</strong></span> <span class='ocrx_word' id='word_1_297' title='bbox 1415 2613 1515 2646; x_wconf 89' lang='lat' dir='ltr'><strong>eam</strong></span> <span class='ocrx_word' id='word_1_298' title='bbox 1536 2599 1648 2647; x_wconf 89' lang='lat' dir='ltr'><strong>nulli</strong></span> 
     </span>
     <span class='ocr_line' id='line_1_36' title="bbox 133 2665 1649 2731; baseline 0 -15"><span class='ocrx_word' id='word_1_299' title='bbox 133 2667 302 2716; x_wconf 88' lang='lat' dir='ltr'><strong>iniuste</strong></span> <span class='ocrx_word' id='word_1_300' title='bbox 328 2666 548 2716; x_wconf 85' lang='lat' dir='ltr'><strong>auferret.</strong></span> <span class='ocrx_word' id='word_1_301' title='bbox 599 2665 749 2726; x_wconf 85' lang='lat' dir='ltr'><strong>Quam</strong></span> <span class='ocrx_word' id='word_1_302' title='bbox 793 2682 897 2715; x_wconf 91' lang='lat' dir='ltr'><strong>cum</strong></span> <span class='ocrx_word' id='word_1_303' title='bbox 929 2667 1052 2715; x_wconf 90' lang='lat' dir='ltr'><strong>omni</strong></span> <span class='ocrx_word' id='word_1_304' title='bbox 1075 2666 1346 2731; x_wconf 81' lang='lat' dir='ltr'><strong>diligentiae</strong></span> <span class='ocrx_word' id='word_1_305' title='bbox 1376 2670 1649 2731; x_wconf 83' lang='lat' dir='ltr'><strong>provisione</strong></span> 
     </span>
     <span class='ocr_line' id='line_1_37' title="bbox 134 2735 1646 2801; baseline 0.001 -16"><span class='ocrx_word' id='word_1_306' title='bbox 134 2736 400 2801; x_wconf 85' lang='lat' dir='ltr'><strong>colligeret,</strong></span> <span class='ocrx_word' id='word_1_307' title='bbox 422 2743 575 2785; x_wconf 86' lang='lat' dir='ltr'><strong>tamen</strong></span> <span class='ocrx_word' id='word_1_308' title='bbox 602 2735 948 2786; x_wconf 85' lang='lat' dir='ltr'><strong>studiosissime</strong></span> <span class='ocrx_word' id='word_1_309' title='bbox 964 2735 1265 2800; x_wconf 83' lang='lat' dir='ltr'><strong>largiebatur,</strong></span> <span class='ocrx_word' id='word_1_310' title='bbox 1305 2739 1561 2801; x_wconf 88' lang='lat' dir='ltr'><strong>praecipue</strong></span> <span class='ocrx_word' id='word_1_311' title='bbox 1581 2739 1646 2786; x_wconf 90' lang='lat' dir='ltr'><strong>in·</strong></span> 
     </span>
    </p>
   </div>
   <div class='ocr_carea' id='block_1_3' title="bbox 134 2804 1644 2924">
    <p class='ocr_par' dir='ltr' id='par_1_3' title="bbox 134 2804 1644 2924">
     <span class='ocr_line' id='line_1_38' title="bbox 134 2804 1644 2924; baseline 0.001 -71"><span class='ocrx_word' id='word_1_312' title='bbox 134 2805 415 2869; x_wconf 84' lang='lat' dir='ltr'><strong>digentibus.</strong></span> <span class='ocrx_word' id='word_1_313' title='bbox 473 2804 575 2853; x_wconf 86' lang='lat' dir='ltr'><strong>Nec</strong></span> <span class='ocrx_word' id='word_1_314' title='bbox 603 2805 742 2854; x_wconf 81' lang='lat' dir='ltr'><strong>facile</strong></span> <span class='ocrx_word' id='word_1_315' title='bbox 771 2813 878 2855; x_wconf 90' lang='lat' dir='ltr'><strong>ante</strong></span> <span class='ocrx_word' id='word_1_316' title='bbox 897 2822 1002 2855; x_wconf 91' lang='lat' dir='ltr'><strong>eum</strong></span> <span class='ocrx_word' id='word_1_317' title='bbox 1021 2808 1292 2869; x_wconf 89' lang='lat' dir='ltr'><strong>cuiusquam</strong></span> <span class='ocrx_word' id='word_1_318' title='bbox 1325 2808 1550 2924; x_wconf 44' lang='lat' dir='ltr'><strong>pgipcipis</strong></span> <span class='ocrx_word' id='word_1_319' title='bbox 1568 2807 1644 2856; x_wconf 89' lang='lat' dir='ltr'><strong>vel</strong></span> 
     </span>
    </p>
   </div>
  </div>
 </body>
</html>
