2026 3238
345 787 663 843 PRAEFA'MO
704 789 932 846 HENBICI
970 791 1211 846 nullom
1253 789 1504 846 nuz'rscll.

164 979 305 1050 Cum
325 997 872 1063 Baumgarten-Crusius,
908 1002 980 1050 vir
1006 1002 1197 1065 ingenio
1218 1015 1310 1049 non
1333 1001 1513 1063 minus,
1546 1015 1682 1066 quam

163 1082 372 1132 doctrina
406 1082 604 1145 insignis
622 1117 637 1144 ‚
680 1089 890 1131 mortuus
933 1092 1089 1147 esset,
1147 1081 1398 1134 divenditis
1446 1081 1681 1145 exempla-

162 1168 289 1216 ribus
324 1165 568 1229 Eutropii,
615 1165 674 1214 ab
711 1165 792 1214 illo
829 1180 949 1215 anno
983 1182 1284 1215 uncccxnv.
1314 1163 1452 1225 editi,
1509 1165 1620 1214 mihi
1657 1179 1682 1213 a

161 1247 422 1312 bibliopola
461 1249 814 1311 honestissimo,
855 1262 1028 1297 socero
1069 1246 1404 1308 dilectissime,
1448 1245 1496 1295 id
1523 1261 1680 1295 mune-

159 1334 223 1380 ris
243 1331 445 1380 delatum
465 1338 564 1392 est,
594 1338 643 1378 ut
664 1330 816 1380 denuo
840 1329 991 1380 libelli
1016 1328 1270 1378 editionem
1290 1343 1517 1378 curarem.
1574 1327 1681 1389 Quo

160 1427 352 1464 munere
373 1416 435 1463 ita
453 1415 636 1463 tantum*-
647 1429 722 1462 me
741 1415 863 1463 bene
895 1421 943 1463 et
968 1427 1055 1477 pro
1076 1412 1195 1461 virili
1217 1419 1349 1476 parte
1378 1411 1510 1476 fungi
1533 1425 1682 1476 posse

160 1498 388 1561 intellexi,
418 1505 485 1559 ut,
517 1512 611 1546 non
631 1496 782 1546 solum
804 1512 925 1563 quae
946 1498 1222 1561 typothetae
1243 1502 1554 1559 peccassent,
1594 1494 1678 1543 sed

161 1582 324 1643 etiam,
379 1582 427 1629 in
456 1581 624 1645 quibus
652 1596 679 1629 a
716 1581 888 1644 prioris
917 1580 1111 1630 editoris
1153 1580 1328 1629 iudicio
1368 1577 1681 1626 recedendum

160 1672 304 1726 esset,
339 1666 642 1727 corrigerem.
699 1663 855 1722 Quare
882 1666 1035 1713 varias
1071 1665 1356 1727 scripturas,
1395 1675 1422 1709 a
1454 1660 1567 1708 viris
1598 1658 1679 1707 do-

160 1749 247 1796 ctis
276 1754 513 1808 enotataS,
552 1746 848 1809 perlustravi.
902 1747 1105 1796 Adhibui
1144 1747 1282 1794 etiam
1320 1743 1574 1792 editionem
1602 1742 1677 1791 Fr.

159 1829 392 1895 Hoegeri,
435 1845 554 1895 quae
573 1828 807 1878 Monachii
836 1831 1064 1878 sumtibus
1094 1837 1142 1878 et
1167 1829 1292 1891 typis
1313 1826 1369 1874 E.
1390 1825 1446 1875 A.
1467 1825 1678 1875 Fleisch·

157 1929 291 1963 mann
311 1913 500 1978 prodiit.
553 1912 649 1961 Sed
680 1928 785 1962 cum
813 1912 894 1962 ille
920 1927 966 1960 v.
997 1911 1041 1960 d.
1071 1913 1117 1960 in
1136 1910 1270 1960 titulo
1291 1912 1410 1960 haec
1431 1912 1677 1977 ascripsis-

158 2004 254 2046 set:
310 1998 382 2046 αεὶ
407 1995 562 2060 fidem
590 1997 701 2046 cod.
738 1996 853 2046 bibl.
896 2012 1003 2060 req.
1039 1994 1241 2045 Monac.
1270 2002 1463 2044 textum
1498 2003 1677 2045 consce-

158 2081 265 2142 tuit,
289 2094 378 2144 spe
397 2078 628 2143 deceptus
646 2095 766 2142 sum,
813 2094 918 2128 cum
942 2093 1053 2128 mox
1076 2078 1410 2141 intelligerem,
1449 2093 1542 2128 non
1560 2079 1677 2127 inte·

156 2179 265 2228 gras
297 2162 421 2211 illius
451 2161 633 2211 codicis
665 2164 948 2227 scripturas,
985 2163 1070 2212 sed
1097 2161 1218 2211 haud
1238 2175 1342 2210 raro
1362 2163 1567 2210 virorum
1595 2162 1676 2211 do-

160 2254 339 2294 ctorum
374 2246 727 2295 emendationes
770 2248 826 2296 ab
867 2261 926 2295 eo
972 2247 1203 2295 exhibitas
1239 2260 1367 2293 esse.
1428 2243 1577 2304 Quam
1614 2247 1675 2295 ob

159 2345 258 2378 rem
286 2344 391 2377 cum
419 2344 480 2377 ex
508 2343 564 2378 ea
590 2329 796 2379 editione
826 2331 1012 2379 minime
1033 2335 1367 2393 cognoscatur,
1407 2343 1527 2391 quae
1548 2328 1677 2377 codi-

161 2414 229 2461 cis
249 2411 548 2461 Monacensis
568 2413 628 2460 sit
652 2420 811 2462 natura
830 2428 885 2463 ac
908 2413 1022 2462 fides
1037 2450 1052 2476 ,
1097 2427 1252 2476 neque
1273 2425 1390 2474 quas
1419 2411 1674 2475 scripturas

161 2495 398 2556 exhibeat,
428 2501 580 2543 tamen
600 2495 835 2544 nonnullis
865 2495 987 2546 locis
1014 2496 1235 2546 iudicium
1253 2509 1408 2542 meum
1431 2494 1672 2544 confirma·

158 2587 254 2627 tum
284 2586 371 2626 est.
433 2576 652 2627 Ceterum
673 2595 793 2643 quae
814 2580 1079 2645 quibusque
1108 2579 1167 2627 de
1186 2578 1367 2627 caussis
1383 2579 1671 2643 mutaverim,

161 2677 221 2710 ex
259 2661 635 2710 annotationibus
672 2660 835 2711 libello
880 2662 1079 2712 adiectis
1117 2661 1323 2710 lectores
1362 2671 1670 2725 cognoscent.

158 2745 305 2797 Erunt
325 2754 479 2796 autem
506 2745 732 2808 fortasse,
783 2747 859 2811 qui
889 2761 965 2794 me
995 2743 1122 2810 quod
1162 2744 1585 2808 interpunctionem
1613 2746 1671 2797 ad

159 2830 382 2878 maiorem
427 2827 769 2891 simplicitatem
804 2828 1093 2891 redegerim,
1142 2827 1512 2893 reprehendant,
1568 2845 1670 2878 cum
