2026 3238
354 164 422 214 62
926 163 1293 210 EUTROPII

790 381 1072 435 LIBER
1128 378 1435 433 NONUS·

858 548 1353 590 ARGUMENTUM.

446 641 484 682 1.
515 642 768 684 Maximinus
787 645 897 687 bello
917 647 1119 688 adversus
1134 646 1361 688 Germanos
1393 645 1567 685 feliciter
1595 648 1717 696 gesto
1747 640 1866 682 aPu·

355 699 479 750 pieno
508 698 759 740 interficitur.
807 700 850 742 2.
879 703 980 744 Tres
1005 704 1103 744 inde
1125 704 1249 744 simul
1270 702 1470 756 Augusti,
1498 700 1706 752 Pupienus
1720 727 1731 747 ,
1774 696 1867 738 Bal-

356 755 480 795 binus
513 761 554 795 et
585 754 841 808 Gordianus,
883 761 954 811 qui
995 760 1078 800 illis
1110 759 1337 801 interfectis
1368 758 1482 799 solus
1511 756 1732 809 imperium
1763 755 1867 794 obti-

355 817 439 861 net,
470 811 640 864 Ianique
667 816 798 867 portis
826 817 980 868 apertis
1010 817 1157 857 Persas
1183 817 1323 858 vincit.
1383 813 1426 856 3.
1457 813 1636 866 Philippi
1666 811 1763 860 duo,
1794 822 1867 864 pa-

359 875 419 907 ter
446 874 488 907 et
514 869 624 909 filius
643 899 655 919 ,
685 871 762 910 sub
793 873 944 923 quibus
974 886 1107 914 annus
1135 874 1294 914 Romae
1324 872 1514 912 conditae
1543 869 1774 909 milesimus
1802 878 1868 906 ce-

357 924 539 965 lebratus
571 931 646 966 est.
704 925 748 967 4.
777 927 929 969 Decius
964 930 1118 970 bellum
1149 930 1269 971 civile
1307 930 1350 968 in
1382 926 1514 967 Gallia
1543 931 1701 966 motum
1730 924 1868 977 oppri-

358 982 432 1022 mit
471 989 512 1022 et
553 995 648 1023 cum
685 983 793 1032 fllia,
841 985 1018 1026 Caesare
1050 987 1181 1035 iacto,
1224 992 1321 1038 post
1360 984 1574 1024 biennium
1614 980 1866 1020 interficitur.

357 1037 399 1077 5.
433 1036 575 1078 Gallus
615 1039 869 1080 Hostilianus
912 1049 951 1082 et
994 1041 1099 1082 Galli
1136 1043 1245 1082 filius
1276 1040 1531 1080 Volusianus
1572 1037 1675 1077 nihil
1703 1036 1867 1076 omnino

358 1094 515 1134 clarum
547 1103 780 1148 gesserunt.
837 1095 880 1141 6.
912 1098 1135 1140 Aemiliani
1164 1100 1290 1139 breve
1320 1103 1360 1137 et
1390 1096 1610 1136 obscurum
1635 1093 1868 1147 imperium.

359 1148 451 1190 7-—
466 1150 533 1191 10.
565 1151 713 1192 Licinii
742 1153 955 1194 Valeriani
994 1162 1034 1195 et
1062 1155 1237 1196 Gallieni
1277 1154 1497 1207 imperium
1526 1151 1594 1193 vel
1628 1148 1870 1190 infelicitate

359 1208 426 1247 vel
451 1208 621 1260 ignavia
651 1215 820 1263 propter
850 1212 1121 1253 barbarorum
1149 1212 1408 1253 incursiones
1434 1208 1729 1262 perniciosum,
1775 1205 1869 1244 Plu-

359 1276 426 1303 res
454 1277 680 1317 purpuram
713 1274 896 1317 sumunt,
922 1269 1158 1318 Postumus,
1187 1268 1358 1316 Marius,
1386 1266 1638 1312 victorinae,
1667 1262 1867 1311 Tetricus,

361 1319 621 1361 odenathus.
683 1321 753 1363 11.
788 1323 986 1366 Claudius
1017 1326 1153 1366 caedit
1180 1325 1350 1367 Gothos.
1395 1323 1496 1363 Eius
1528 1320 1674 1361 laudes
1706 1325 1746 1359 et
1773 1325 1870 1372 post

361 1383 533 1417 mortem
563 1377 758 1419 honores.
819 1379 889 1420 12.
924 1382 1123 1431 Quintilli,
1151 1382 1311 1435 egregii
1334 1379 1556 1434 principis,
1585 1378 1710 1417 breve
1740 1377 1869 1429 impe·

359 1435 483 1475 rium.
547 1431 730 1477 13-15.
760 1437 1012 1478 Aurelianus
1042 1439 1169 1479 vincit
1199 1437 1369 1485 Gothos,
1401 1436 1633 1475 Romanam
1664 1433 1869 1473 dicionem

360 1491 415 1530 ad
444 1492 644 1544 pristinos
673 1493 776 1534 fines
805 1501 995 1544 revocat,
1043 1500 1213 1547 superat
1241 1494 1449 1534 Tetricum
1480 1493 1522 1531 in
1551 1489 1709 1539 Gallia,
1740 1489 1870 1528 Zeno-

362 1548 474 1588 biam
502 1548 546 1588 in
577 1547 742 1589 Oriente
771 1552 906 1604 capit,
951 1551 1274 1592 monetariorum
1313 1551 1357 1589 in
1393 1549 1495 1590 urbe
1533 1547 1781 1587 seditionem
1806 1557 1870 1585 re-

361 1604 515 1656 primit,
545 1610 681 1645 cetera
711 1607 905 1651 crudelis.
968 1605 1037 1648 16.
1069 1608 1214 1657 Taciti,
1247 1606 1417 1659 egregie
1448 1605 1611 1653 morati,
1643 1604 1768 1644 breve
1794 1603 1865 1642 im-

359 1662 522 1714 perium
550 1673 626 1701 nec
657 1662 890 1703 diuturnius
918 1663 1111 1707 Floriani.
1176 1660 1244 1706 17.
1274 1663 1448 1711 Probus,
1478 1661 1611 1716 gloria
1641 1659 1807 1699 militari
1832 1663 1872 1698 et

361 1729 522 1757 morum
552 1718 748 1759 civilitate
778 1720 978 1774 insignis,
1026 1720 1181 1761 Gallias
1220 1733 1250 1760 a·
1273 1719 1460 1760 barbaris
1500 1723 1723 1770 occupatas
1751 1715 1870 1756 resti-

359 1774 437 1813 tuit
467 1779 508 1813 οἱ
534 1774 749 1816 vinearum
776 1776 979 1816 culturam
1000 1777 1181 1818 adiuvat.
1239 1777 1338 1816 Post
1375 1776 1594 1829 imperium
1641 1785 1717 1813 sex
1743 1783 1866 1812 anno-

360 1842 451 1869 rum
489 1830 667 1871 tumultu
704 1832 870 1872 militari
913 1834 1164 1874 interficitur.
1237 1830 1307 1872 18.
1339 1830 1466 1871 Carus
1508 1832 1550 1870 in
1590 1829 1698 1869 bello
1730 1834 1869 1868 contra

361 1887 510 1926 Persas
540 1898 740 1940 prospere
766 1895 887 1942 gesto
916 1889 1102 1930 fulminis
1126 1890 1209 1929 ictu
1234 1889 1356 1942 perit.
1415 1888 1478 1927 Ex
1506 1885 1617 1935 filiis,
1648 1898 1753 1937 quos
1770 1884 1870 1924 Cae-

362 1955 478 1983 sares
510 1942 679 1993 fecerat,
708 1944 985 1986 Numerianus
999 1975 1011 1994 ,
1050 1950 1211 1998 patrem
1241 1945 1296 1985 ad
1325 1944 1538 1984 Persicum
1567 1943 1723 1983 bellum
1753 1953 1869 1981 secu-

361 2007 453 2048 tus,
496 2010 572 2051 per
596 2001 772 2041 insidias
801 2001 1017 2042 occiditur.
1082 1999 1151 2045 19.
1187 2000 1380 2050 Carinus,
1413 2001 1464 2040 ob
1498 1999 1655 2040 scelera
1697 1998 1870 2046 invisus,

361 2068 389 2095 a
417 2055 506 2094 suis
539 2055 755 2097 deseritur.
819 2057 1098 2098 Diocletianus
1142 2058 1194 2097 ab
1224 2058 1406 2097 exercitu
1435 2058 1658 2109 imperator
1693 2060 1869 2094 creatur.

361 2109 433 2151 20.
465 2111 505 2151 Is
534 2110 682 2153 Carino
716 2125 916 2166 oppresso
946 2126 1023 2167 per
1049 2114 1348 2154 Maximianum
1373 2113 1622 2160 Hei-nulium,
1653 2111 1871 2151 Caesarem

360 2167 656 2217 renuntiatum,
693 2169 982 2210 Bacaudarum
1011 2171 1054 2210 in
1075 2170 1207 2210 Gallia
1234 2170 1456 2210 tumultum
1487 2170 1641 2210 domat.
1682 2164 1869 2208 {al—23.

363 2223 586 2265 Garausius
617 2225 660 2265 in
686 2224 898 2267 Britannia
925 2238 1154 2280 purpuram
1182 2227 1331 2275 sumit,
1370 2225 1583 2267 Achilleus
1612 2226 1653 2264 in
1680 2225 1871 2278 Aegypto

362 2280 555 2330 rebellat,
599 2281 786 2323 Africam
817 2282 1193 2337 Quinquegentiani
1223 2282 1443 2332 infestant,
1476 2282 1657 2322 Narseus
1672 2311 1683 2330 ,
1728 2281 1871 2321 Persa-

363 2350 454 2377 rum
479 2349 568 2386 rex,
600 2336 756 2379 Orienti
783 2340 939 2380 bellum
969 2339 1115 2389 infert,
1150 2339 1206 2379 ad
1235 2351 1340 2390 quos
1371 2345 1508 2380 motus
1539 2336 1872 2391 comprimendos

362 2393 643 2434 Diocletianus
662 2394 1227 2437 Maximianum-Herculium
1253 2396 1492 2449 Angustum
1523 2395 1641 2443 facit,
1674 2393 1872 2435 Constan-

359 2451 463 2491 tium
491 2456 532 2491 et
563 2449 861 2493 Maximianum
878 2451 1088 2493 Galerium
1116 2451 1330 2493 Caesares.
1373 2452 1594 2493 Alamanni
1622 2464 1647 2491 a
1674 2450 1872 2491 Constan-

359 2508 417 2547 tio
446 2506 688 2548 caeduntur.
749 2507 820 2550 24.
853 2508 923 2549 25.
955 2507 1145 2549 Galerius
1176 2508 1453 2549 Maximianus
1493 2508 1696 2549 Narseum
1737 2508 1870 2560 primo

360 2564 494 2604 victus
535 2571 634 2617 post
668 2576 822 2619 magna
853 2565 970 2605 clade
999 2565 1140 2605 afficit.
1195 2565 1323 2604 Varia
1349 2565 1545 2619 deinceps
1589 2572 1628 2605 et
1667 2563 1790 2605 simul
1831 2569 1872 2602 et

361 2619 602 2673 singulatim
627 2620 737 2661 bella
766 2627 928 2674 gerunt,
959 2627 999 2661 et
1014 2621 1185 2675 Carpos,
1216 2620 1438 2662 Basternas
1469 2630 1510 2662 et
1537 2621 1745 2662 Sarmatas
1774 2620 1871 2659 sub·
1907 2649 1910 2652 Α

362 2678 494 2728 igunt.
545 2673 748 2720 26—28.
791 2677 1035 2718 Diocletiani
1067 2685 1107 2717 et
1134 2677 1376 2718 Maximiani
1405 2678 1609 2728 Herculii,
1654 2679 1725 2729 qui
1749 2676 1869 2716 ambo

363 2731 554 2797 deposito
585 2733 757 2785 imperio
786 2735 828 2774 in
858 2735 1061 2787 privatam
1088 2735 1216 2774 vitam
1249 2743 1553 2784 concesserunt,
1585 2746 1720 2775 mores
1745 2739 1785 2773 et
1810 2734 1868 2772 in-

363 2799 546 2841 genium.
