<?xml version="1.0" encoding="UTF-8"?>
<!DOCTYPE html PUBLIC "-//W3C//DTD XHTML 1.0 Transitional//EN"
    "http://www.w3.org/TR/xhtml1/DTD/xhtml1-transitional.dtd">
<html xmlns="http://www.w3.org/1999/xhtml" xml:lang="en" lang="en">
 <head>
  <title>
</title>
<meta http-equiv="Content-Type" content="text/html;charset=utf-8" />
  <meta name='ocr-system' content='tesseract 3.04.00' />
  <meta name='ocr-capabilities' content='ocr_page ocr_carea ocr_par ocr_line ocrx_word'/>
</head>
<body>
  <div class='ocr_page' id='page_1' title='image "./breviariumhistor00eutruoft_0068.png"; bbox 0 0 2026 3238; ppageno 0'>
   <div class='ocr_carea' id='block_1_1' title="bbox 437 125 1368 176">
    <p class='ocr_par' dir='ltr' id='par_1_1' title="bbox 437 125 1368 176">
     <span class='ocr_line' id='line_1_1' title="bbox 437 125 1368 176; baseline -0.002 -2"><span class='ocrx_word' id='word_1_1' title='bbox 437 125 504 176; x_wconf 85' lang='lat'><strong>56</strong></span> <span class='ocrx_word' id='word_1_2' title='bbox 1011 127 1368 174; x_wconf 84' lang='lat' dir='ltr'><strong>EUTROPII</strong></span> 
     </span>
    </p>
   </div>
   <div class='ocr_carea' id='block_1_2' title="bbox 428 262 1990 2817">
    <p class='ocr_par' dir='ltr' id='par_1_2' title="bbox 437 262 1952 464">
     <span class='ocr_line' id='line_1_2' title="bbox 437 262 1951 327; baseline 0.002 -16"><span class='ocrx_word' id='word_1_3' title='bbox 437 279 553 311; x_wconf 91' lang='lat' dir='ltr'><strong>unus</strong></span> <span class='ocrx_word' id='word_1_4' title='bbox 591 270 779 312; x_wconf 84' lang='lat' dir='ltr'><strong>senator</strong></span> <span class='ocrx_word' id='word_1_5' title='bbox 815 262 1051 311; x_wconf 86' lang='lat' dir='ltr'><strong>damnatus</strong></span> <span class='ocrx_word' id='word_1_6' title='bbox 1080 265 1157 325; x_wconf 91' lang='lat' dir='ltr'><strong>sit,</strong></span> <span class='ocrx_word' id='word_1_7' title='bbox 1197 272 1336 327; x_wconf 88' lang='lat' dir='ltr'><strong>atque</strong></span> <span class='ocrx_word' id='word_1_8' title='bbox 1363 264 1404 310; x_wconf 91' lang='lat' dir='ltr'><strong>is</strong></span> <span class='ocrx_word' id='word_1_9' title='bbox 1434 270 1589 311; x_wconf 88' lang='lat' dir='ltr'><strong>tamen</strong></span> <span class='ocrx_word' id='word_1_10' title='bbox 1627 278 1713 326; x_wconf 85' lang='lat' dir='ltr'><strong>per</strong></span> <span class='ocrx_word' id='word_1_11' title='bbox 1743 272 1951 314; x_wconf 85' lang='lat' dir='ltr'><strong>senatum</strong></span> 
     </span>
     <span class='ocr_line' id='line_1_3' title="bbox 437 331 1952 395; baseline 0.002 -16"><span class='ocrx_word' id='word_1_12' title='bbox 437 335 678 395; x_wconf 81' lang='lat' dir='ltr'><strong>ignorante</strong></span> <span class='ocrx_word' id='word_1_13' title='bbox 721 331 934 380; x_wconf 83' lang='lat' dir='ltr'><strong>Traian0.</strong></span> <span class='ocrx_word' id='word_1_14' title='bbox 1007 331 1078 380; x_wconf 91' lang='lat' dir='ltr'><strong>Ob</strong></span> <span class='ocrx_word' id='word_1_15' title='bbox 1113 333 1233 380; x_wconf 88' lang='lat' dir='ltr'><strong>haec</strong></span> <span class='ocrx_word' id='word_1_16' title='bbox 1271 347 1357 395; x_wconf 89' lang='lat' dir='ltr'><strong>per</strong></span> <span class='ocrx_word' id='word_1_17' title='bbox 1391 332 1553 380; x_wconf 89' lang='lat' dir='ltr'><strong>orbem</strong></span> <span class='ocrx_word' id='word_1_18' title='bbox 1585 340 1808 382; x_wconf 87' lang='lat' dir='ltr'><strong>terrarum</strong></span> <span class='ocrx_word' id='word_1_19' title='bbox 1841 333 1952 385; x_wconf 86' lang='lat' dir='ltr'><strong>Deo</strong></span> 
     </span>
     <span class='ocr_line' id='line_1_4' title="bbox 440 400 1948 464; baseline 0.001 -15"><span class='ocrx_word' id='word_1_20' title='bbox 440 403 680 464; x_wconf 86' lang='lat' dir='ltr'><strong>proximus</strong></span> <span class='ocrx_word' id='word_1_21' title='bbox 695 400 808 449; x_wconf 90' lang='lat' dir='ltr'>nihil</span> <span class='ocrx_word' id='word_1_22' title='bbox 828 414 921 448; x_wconf 91' lang='lat' dir='ltr'><strong>non</strong></span> <span class='ocrx_word' id='word_1_23' title='bbox 940 402 1254 450; x_wconf 88' lang='lat' dir='ltr'><strong>venerationis</strong></span> <span class='ocrx_word' id='word_1_24' title='bbox 1263 403 1432 450; x_wconf 87' lang='lat' dir='ltr'><strong>meruit</strong></span> <span class='ocrx_word' id='word_1_25' title='bbox 1451 403 1640 450; x_wconf 86' lang='lat' dir='ltr'><strong>etvivus</strong></span> <span class='ocrx_word' id='word_1_26' title='bbox 1661 409 1708 450; x_wconf 89' lang='lat' dir='ltr'><strong>et</strong></span> <span class='ocrx_word' id='word_1_27' title='bbox 1725 409 1948 451; x_wconf 76' lang='lat' dir='ltr'><strong>mortuus·</strong></span> 
     </span>
    </p>

    <p class='ocr_par' dir='ltr' id='par_1_3' title="bbox 432 468 1990 1573">
     <span class='ocr_line' id='line_1_5' title="bbox 541 468 1950 535; baseline 0 -15"><span class='ocrx_word' id='word_1_28' title='bbox 541 470 683 520; x_wconf 66' lang='lat' dir='ltr'><strong>Car.</strong></span> <span class='ocrx_word' id='word_1_29' title='bbox 703 469 761 518; x_wconf 87' lang='lat' dir='ltr'><strong>V.</strong></span> <span class='ocrx_word' id='word_1_30' title='bbox 810 468 938 518; x_wconf 88' lang='lat' dir='ltr'><strong>Inter</strong></span> <span class='ocrx_word' id='word_1_31' title='bbox 961 469 1052 518; x_wconf 86' lang='lat' dir='ltr'><strong>alia</strong></span> <span class='ocrx_word' id='word_1_32' title='bbox 1076 470 1199 519; x_wconf 90' lang='lat' dir='ltr'><strong>dicta</strong></span> <span class='ocrx_word' id='word_1_33' title='bbox 1223 472 1315 520; x_wconf 91' lang='lat' dir='ltr'><strong>hoc</strong></span> <span class='ocrx_word' id='word_1_34' title='bbox 1343 472 1492 534; x_wconf 89' lang='lat' dir='ltr'><strong>ipsius</strong></span> <span class='ocrx_word' id='word_1_35' title='bbox 1517 470 1664 519; x_wconf 85' lang='lat' dir='ltr'><strong>fertur</strong></span> <span class='ocrx_word' id='word_1_36' title='bbox 1689 473 1950 535; x_wconf 82' lang='lat' dir='ltr'><strong>egregium.</strong></span> 
     </span>
     <span class='ocr_line' id='line_1_6' title="bbox 436 538 1951 604; baseline 0.002 -18"><span class='ocrx_word' id='word_1_37' title='bbox 436 541 611 588; x_wconf 79' lang='lat' dir='ltr'><strong>Amicis</strong></span> <span class='ocrx_word' id='word_1_38' title='bbox 640 541 761 588; x_wconf 90' lang='lat' dir='ltr'><strong>enim</strong></span> <span class='ocrx_word' id='word_1_39' title='bbox 778 538 1090 603; x_wconf 75' lang='lat' dir='ltr'><strong>culpantibuS,</strong></span> <span class='ocrx_word' id='word_1_40' title='bbox 1111 539 1238 604; x_wconf 90' lang='lat' dir='ltr'><strong>quod</strong></span> <span class='ocrx_word' id='word_1_41' title='bbox 1254 542 1390 589; x_wconf 88' lang='lat' dir='ltr'><strong>nimis</strong></span> <span class='ocrx_word' id='word_1_42' title='bbox 1413 541 1539 588; x_wconf 89' lang='lat' dir='ltr'><strong>circa</strong></span> <span class='ocrx_word' id='word_1_43' title='bbox 1558 554 1721 589; x_wconf 89' lang='lat' dir='ltr'><strong>omnes</strong></span> <span class='ocrx_word' id='word_1_44' title='bbox 1746 554 1951 590; x_wconf 89' lang='lat' dir='ltr'><strong>commu-</strong></span> 
     </span>
     <span class='ocr_line' id='line_1_7' title="bbox 436 607 1950 675; baseline 0.003 -19"><span class='ocrx_word' id='word_1_45' title='bbox 436 610 507 657; x_wconf 90' lang='lat' dir='ltr'><strong>nis</strong></span> <span class='ocrx_word' id='word_1_46' title='bbox 538 616 695 671; x_wconf 87' lang='lat' dir='ltr'><strong>esset,</strong></span> <span class='ocrx_word' id='word_1_47' title='bbox 725 607 971 671; x_wconf 85' lang='lat' dir='ltr'><strong>respondit</strong></span> <span class='ocrx_word' id='word_1_48' title='bbox 1004 610 1156 659; x_wconf 80' lang='lat' dir='ltr'><strong>talem</strong></span> <span class='ocrx_word' id='word_1_49' title='bbox 1179 625 1234 660; x_wconf 77' lang='lat' dir='ltr'><strong>se</strong></span> <span class='ocrx_word' id='word_1_50' title='bbox 1257 611 1616 675; x_wconf 79' lang='lat' dir='ltr'><em>imperatorem</em></span> <span class='ocrx_word' id='word_1_51' title='bbox 1640 611 1950 674; x_wconf 59' lang='lat' dir='ltr'><strong>esseprffoa-</strong></span> 
     </span>
     <span class='ocr_line' id='line_1_8' title="bbox 438 678 1951 743; baseline 0.001 -18"><span class='ocrx_word' id='word_1_52' title='bbox 438 679 516 740; x_wconf 75' lang='lat' dir='ltr'><strong>ris,</strong></span> <span class='ocrx_word' id='word_1_53' title='bbox 557 679 735 741; x_wconf 79' lang='lat' dir='ltr'><strong>quales</strong></span> <span class='ocrx_word' id='word_1_54' title='bbox 775 693 887 728; x_wconf 79' lang='lat' dir='ltr'><strong>esse</strong></span> <span class='ocrx_word' id='word_1_55' title='bbox 922 678 1020 727; x_wconf 74' lang='lat' dir='ltr'><strong>sibi</strong></span> <span class='ocrx_word' id='word_1_56' title='bbox 1059 679 1418 742; x_wconf 51' lang='lat' dir='ltr'><strong>imperatorem</strong></span> <span class='ocrx_word' id='word_1_57' title='bbox 1427 680 1666 743; x_wconf 75' lang='lat' dir='ltr'><strong>privatus</strong></span> <span class='ocrx_word' id='word_1_58' title='bbox 1711 686 1951 743; x_wconf 73' lang='lat' dir='ltr'><strong>optasset.</strong></span> 
     </span>
     <span class='ocr_line' id='line_1_9' title="bbox 439 744 1990 812; baseline 0.001 -18"><span class='ocrx_word' id='word_1_59' title='bbox 439 747 550 795; x_wconf 83' lang='lat' dir='ltr'><strong>Post</strong></span> <span class='ocrx_word' id='word_1_60' title='bbox 581 748 821 810; x_wconf 85' lang='lat' dir='ltr'><strong>ingentem</strong></span> <span class='ocrx_word' id='word_1_61' title='bbox 857 747 1000 810; x_wconf 79' lang='lat' dir='ltr'><strong>igi-tur</strong></span> <span class='ocrx_word' id='word_1_62' title='bbox 1029 747 1226 810; x_wconf 82' lang='lat' dir='ltr'>gloriam</span> <span class='ocrx_word' id='word_1_63' title='bbox 1254 748 1366 796; x_wconf 86' lang='lat' dir='ltr'><strong>belli</strong></span> <span class='ocrx_word' id='word_1_64' title='bbox 1391 747 1612 812; x_wconf 82' lang='lat' dir='ltr'><strong>domique</strong></span> <span class='ocrx_word' id='word_1_65' title='bbox 1638 750 1894 812; x_wconf 75' lang='lat' dir='ltr'><strong>quaesitam</strong></span> <span class='ocrx_word' id='word_1_66' title='bbox 1923 762 1953 796; x_wconf 86' lang='lat' dir='ltr'><strong>e</strong></span> <span class='ocrx_word' id='word_1_67' title='bbox 1981 744 1990 756; x_wconf 86' lang='lat'><strong>&#39;</strong></span> 
     </span>
     <span class='ocr_line' id='line_1_10' title="bbox 436 815 1948 881; baseline 0.001 -17"><span class='ocrx_word' id='word_1_68' title='bbox 436 815 629 865; x_wconf 83' lang='lat' dir='ltr'><strong>Perside</strong></span> <span class='ocrx_word' id='word_1_69' title='bbox 655 816 844 864; x_wconf 86' lang='lat' dir='ltr'><strong>rediens</strong></span> <span class='ocrx_word' id='word_1_70' title='bbox 864 816 987 879; x_wconf 90' lang='lat' dir='ltr'><strong>apud</strong></span> <span class='ocrx_word' id='word_1_71' title='bbox 1007 816 1269 865; x_wconf 79' lang='lat' dir='ltr'><strong>Seleuciam</strong></span> <span class='ocrx_word' id='word_1_72' title='bbox 1287 816 1494 866; x_wconf 89' lang='lat' dir='ltr'><strong>Isauriae</strong></span> <span class='ocrx_word' id='word_1_73' title='bbox 1512 817 1744 881; x_wconf 88' lang='lat' dir='ltr'><strong>profluvio</strong></span> <span class='ocrx_word' id='word_1_74' title='bbox 1773 819 1948 866; x_wconf 90' lang='lat' dir='ltr'><strong>ventris</strong></span> 
     </span>
     <span class='ocr_line' id='line_1_11' title="bbox 435 885 1950 937; baseline 0 -3"><span class='ocrx_word' id='word_1_75' title='bbox 435 887 692 935; x_wconf 79' lang='lat' dir='ltr'><strong>exstinctus</strong></span> <span class='ocrx_word' id='word_1_76' title='bbox 714 893 802 933; x_wconf 88' lang='lat' dir='ltr'><strong>est.</strong></span> <span class='ocrx_word' id='word_1_77' title='bbox 843 885 969 933; x_wconf 81' lang='lat' dir='ltr'><strong>Obiit</strong></span> <span class='ocrx_word' id='word_1_78' title='bbox 987 893 1140 934; x_wconf 86' lang='lat' dir='ltr'><strong>autem</strong></span> <span class='ocrx_word' id='word_1_79' title='bbox 1159 888 1324 935; x_wconf 86' lang='lat' dir='ltr'><strong>aetatis</strong></span> <span class='ocrx_word' id='word_1_80' title='bbox 1343 900 1462 937; x_wconf 89' lang='lat' dir='ltr'><strong>anno</strong></span> <span class='ocrx_word' id='word_1_81' title='bbox 1486 903 1622 936; x_wconf 69' lang='lat' dir='ltr'><strong>nnn.</strong></span> <span class='ocrx_word' id='word_1_82' title='bbox 1642 902 1806 935; x_wconf 90' lang='lat' dir='ltr'><strong>mense</strong></span> <span class='ocrx_word' id='word_1_83' title='bbox 1824 900 1950 934; x_wconf 92' lang='lat' dir='ltr'><strong>nono</strong></span> 
     </span>
     <span class='ocr_line' id='line_1_12' title="bbox 436 955 1951 1019; baseline 0 -16"><span class='ocrx_word' id='word_1_84' title='bbox 436 963 483 1003; x_wconf 85' lang='lat' dir='ltr'><strong>et</strong></span> <span class='ocrx_word' id='word_1_85' title='bbox 502 955 578 1003; x_wconf 90' lang='lat' dir='ltr'><strong>die</strong></span> <span class='ocrx_word' id='word_1_86' title='bbox 605 962 789 1019; x_wconf 82' lang='lat' dir='ltr'><strong>quarte,</strong></span> <span class='ocrx_word' id='word_1_87' title='bbox 813 956 994 1018; x_wconf 87' lang='lat' dir='ltr'><strong>imperii</strong></span> <span class='ocrx_word' id='word_1_88' title='bbox 1018 971 1115 1005; x_wconf 76' lang='lat' dir='ltr'><strong>nx,</strong></span> <span class='ocrx_word' id='word_1_89' title='bbox 1138 970 1302 1003; x_wconf 90' lang='lat' dir='ltr'><strong>mense</strong></span> <span class='ocrx_word' id='word_1_90' title='bbox 1329 973 1394 1004; x_wconf 87' lang='lat' dir='ltr'><strong>v1.</strong></span> <span class='ocrx_word' id='word_1_91' title='bbox 1419 955 1495 1003; x_wconf 93' lang='lat' dir='ltr'><strong>die</strong></span> <span class='ocrx_word' id='word_1_92' title='bbox 1524 973 1599 1005; x_wconf 84' lang='lat' dir='ltr'><strong>xv.</strong></span> <span class='ocrx_word' id='word_1_93' title='bbox 1650 955 1776 1004; x_wconf 90' lang='lat' dir='ltr'><strong>Inter</strong></span> <span class='ocrx_word' id='word_1_94' title='bbox 1798 955 1951 1004; x_wconf 87' lang='lat' dir='ltr'><strong>Divos</strong></span> 
     </span>
     <span class='ocr_line' id='line_1_13' title="bbox 434 1023 1950 1088; baseline 0 -16"><span class='ocrx_word' id='word_1_95' title='bbox 434 1023 606 1072; x_wconf 86' lang='lat' dir='ltr'><strong>relatus</strong></span> <span class='ocrx_word' id='word_1_96' title='bbox 636 1032 709 1071; x_wconf 89' lang='lat' dir='ltr'><strong>est</strong></span> <span class='ocrx_word' id='word_1_97' title='bbox 728 1023 956 1088; x_wconf 86' lang='lat' dir='ltr'><strong>solusque</strong></span> <span class='ocrx_word' id='word_1_98' title='bbox 976 1025 1178 1072; x_wconf 89' lang='lat' dir='ltr'><strong>omnium</strong></span> <span class='ocrx_word' id='word_1_99' title='bbox 1206 1026 1322 1072; x_wconf 90' lang='lat' dir='ltr'><strong>intra</strong></span> <span class='ocrx_word' id='word_1_100' title='bbox 1346 1025 1510 1072; x_wconf 89' lang='lat' dir='ltr'><strong>urbem</strong></span> <span class='ocrx_word' id='word_1_101' title='bbox 1526 1025 1766 1088; x_wconf 76' lang='lat' dir='ltr'><strong>¹sepultus.</strong></span> <span class='ocrx_word' id='word_1_102' title='bbox 1829 1024 1950 1073; x_wconf 82' lang='lat' dir='ltr'><strong>Ossa</strong></span> 
     </span>
     <span class='ocr_line' id='line_1_14' title="bbox 435 1092 1950 1157; baseline 0.001 -16"><span class='ocrx_word' id='word_1_103' title='bbox 435 1095 538 1141; x_wconf 91' lang='lat' dir='ltr'><strong>eius</strong></span> <span class='ocrx_word' id='word_1_104' title='bbox 559 1092 791 1141; x_wconf 91' lang='lat' dir='ltr'><strong>collocata</strong></span> <span class='ocrx_word' id='word_1_105' title='bbox 811 1094 856 1140; x_wconf 90' lang='lat' dir='ltr'><strong>in</strong></span> <span class='ocrx_word' id='word_1_106' title='bbox 881 1108 995 1140; x_wconf 90' lang='lat' dir='ltr'><strong>urna</strong></span> <span class='ocrx_word' id='word_1_107' title='bbox 1025 1107 1166 1140; x_wconf 88' lang='lat' dir='ltr'><strong>aurea</strong></span> <span class='ocrx_word' id='word_1_108' title='bbox 1186 1094 1233 1141; x_wconf 91' lang='lat' dir='ltr'><strong>in</strong></span> <span class='ocrx_word' id='word_1_109' title='bbox 1256 1093 1380 1156; x_wconf 85' lang='lat' dir='ltr'><strong>for0,</strong></span> <span class='ocrx_word' id='word_1_110' title='bbox 1409 1093 1539 1157; x_wconf 87' lang='lat' dir='ltr'><strong>quod</strong></span> <span class='ocrx_word' id='word_1_111' title='bbox 1555 1094 1836 1155; x_wconf 82' lang='lat' dir='ltr'><strong>aedificavit,</strong></span> <span class='ocrx_word' id='word_1_112' title='bbox 1862 1093 1950 1142; x_wconf 89' lang='lat' dir='ltr'><strong>sub</strong></span> 
     </span>
     <span class='ocr_line' id='line_1_15' title="bbox 434 1162 1949 1227; baseline 0.001 -17"><span class='ocrx_word' id='word_1_113' title='bbox 434 1162 648 1210; x_wconf 88' lang='lat' dir='ltr'><strong>columna</strong></span> <span class='ocrx_word' id='word_1_114' title='bbox 669 1163 756 1210; x_wconf 85' lang='lat' dir='ltr'><strong>sita</strong></span> <span class='ocrx_word' id='word_1_115' title='bbox 777 1169 900 1224; x_wconf 91' lang='lat' dir='ltr'><strong>sunt,</strong></span> <span class='ocrx_word' id='word_1_116' title='bbox 935 1163 1069 1210; x_wconf 90' lang='lat' dir='ltr'><strong>cuius</strong></span> <span class='ocrx_word' id='word_1_117' title='bbox 1089 1162 1281 1211; x_wconf 81' lang='lat' dir='ltr'><strong>altitudo</strong></span> <span class='ocrx_word' id='word_1_118' title='bbox 1307 1179 1447 1213; x_wconf 80' lang='lat' dir='ltr'><strong>cxmv</strong></span> <span class='ocrx_word' id='word_1_119' title='bbox 1467 1163 1616 1227; x_wconf 87' lang='lat' dir='ltr'><strong>pedes</strong></span> <span class='ocrx_word' id='word_1_120' title='bbox 1642 1164 1798 1212; x_wconf 85' lang='lat' dir='ltr'><strong>habet.</strong></span> <span class='ocrx_word' id='word_1_121' title='bbox 1855 1162 1949 1211; x_wconf 89' lang='lat' dir='ltr'><strong>Hu-</strong></span> 
     </span>
     <span class='ocr_line' id='line_1_16' title="bbox 432 1231 1948 1297; baseline 0 -17"><span class='ocrx_word' id='word_1_122' title='bbox 432 1234 504 1280; x_wconf 89' lang='lat' dir='ltr'><strong>ius</strong></span> <span class='ocrx_word' id='word_1_123' title='bbox 541 1238 714 1280; x_wconf 84' lang='lat' dir='ltr'><strong>tantum</strong></span> <span class='ocrx_word' id='word_1_124' title='bbox 750 1233 1004 1280; x_wconf 88' lang='lat' dir='ltr'><strong>memoriae</strong></span> <span class='ocrx_word' id='word_1_125' title='bbox 1035 1231 1236 1280; x_wconf 88' lang='lat' dir='ltr'><strong>delatum</strong></span> <span class='ocrx_word' id='word_1_126' title='bbox 1259 1240 1356 1292; x_wconf 89' lang='lat' dir='ltr'><strong>est,</strong></span> <span class='ocrx_word' id='word_1_127' title='bbox 1396 1239 1624 1297; x_wconf 84' lang='lat' dir='ltr'><strong>utusque</strong></span> <span class='ocrx_word' id='word_1_128' title='bbox 1659 1232 1718 1281; x_wconf 90' lang='lat' dir='ltr'><strong>ad</strong></span> <span class='ocrx_word' id='word_1_129' title='bbox 1745 1239 1948 1280; x_wconf 86' lang='lat' dir='ltr'><strong>nostram</strong></span> 
     </span>
     <span class='ocr_line' id='line_1_17' title="bbox 432 1301 1946 1365; baseline -0.001 -15"><span class='ocrx_word' id='word_1_130' title='bbox 432 1309 630 1350; x_wconf 85' lang='lat' dir='ltr'><strong>aetatem</strong></span> <span class='ocrx_word' id='word_1_131' title='bbox 649 1315 743 1349; x_wconf 89' lang='lat' dir='ltr'><strong>non</strong></span> <span class='ocrx_word' id='word_1_132' title='bbox 769 1301 904 1350; x_wconf 86' lang='lat' dir='ltr'><strong>aliter</strong></span> <span class='ocrx_word' id='word_1_133' title='bbox 933 1302 980 1350; x_wconf 87' lang='lat' dir='ltr'><strong>in</strong></span> <span class='ocrx_word' id='word_1_134' title='bbox 1011 1309 1174 1350; x_wconf 89' lang='lat' dir='ltr'><strong>senatu</strong></span> <span class='ocrx_word' id='word_1_135' title='bbox 1195 1302 1485 1365; x_wconf 89' lang='lat' dir='ltr'><strong>principibus</strong></span> <span class='ocrx_word' id='word_1_136' title='bbox 1511 1301 1810 1363; x_wconf 83' lang='lat' dir='ltr'><strong>acclametur,</strong></span> <span class='ocrx_word' id='word_1_137' title='bbox 1831 1303 1946 1350; x_wconf 81' lang='lat' dir='ltr'><strong>nisi·</strong></span> 
     </span>
     <span class='ocr_line' id='line_1_18' title="bbox 432 1368 1948 1435; baseline -0.001 -16"><span class='ocrx_word' id='word_1_138' title='bbox 432 1369 653 1421; x_wconf 82' lang='lat' dir='ltr'><strong>Felicior</strong></span> <span class='ocrx_word' id='word_1_139' title='bbox 668 1368 917 1435; x_wconf 74' lang='lat' dir='ltr'><strong>Auyusto,</strong></span> <span class='ocrx_word' id='word_1_140' title='bbox 957 1369 1139 1422; x_wconf 78' lang='lat' dir='ltr'><strong>Melior</strong></span> <span class='ocrx_word' id='word_1_141' title='bbox 1175 1371 1414 1420; x_wconf 76' lang='lat' dir='ltr'><strong>Traiano.</strong></span> <span class='ocrx_word' id='word_1_142' title='bbox 1455 1371 1589 1419; x_wconf 87' lang='lat' dir='ltr'><strong>Adeo</strong></span> <span class='ocrx_word' id='word_1_143' title='bbox 1627 1373 1674 1419; x_wconf 91' lang='lat' dir='ltr'><strong>in</strong></span> <span class='ocrx_word' id='word_1_144' title='bbox 1702 1386 1760 1418; x_wconf 89' lang='lat' dir='ltr'><strong>eo</strong></span> <span class='ocrx_word' id='word_1_145' title='bbox 1796 1370 1948 1434; x_wconf 84' lang='lat' dir='ltr'><strong>gloria</strong></span> 
     </span>
     <span class='ocr_line' id='line_1_19' title="bbox 433 1440 1946 1503; baseline 0 -15"><span class='ocrx_word' id='word_1_146' title='bbox 433 1441 652 1489; x_wconf 84' lang='lat' dir='ltr'><strong>bonitatis</strong></span> <span class='ocrx_word' id='word_1_147' title='bbox 673 1440 895 1503; x_wconf 82' lang='lat' dir='ltr'><strong>obtinuit,</strong></span> <span class='ocrx_word' id='word_1_148' title='bbox 939 1449 987 1488; x_wconf 87' lang='lat' dir='ltr'><strong>ut</strong></span> <span class='ocrx_word' id='word_1_149' title='bbox 1015 1440 1091 1488; x_wconf 84' lang='lat' dir='ltr'><strong>vel</strong></span> <span class='ocrx_word' id='word_1_150' title='bbox 1114 1442 1457 1489; x_wconf 83' lang='lat' dir='ltr'><strong>assentantibus</strong></span> <span class='ocrx_word' id='word_1_151' title='bbox 1484 1441 1562 1489; x_wconf 87' lang='lat' dir='ltr'><strong>vel</strong></span> <span class='ocrx_word' id='word_1_152' title='bbox 1588 1456 1703 1488; x_wconf 88' lang='lat' dir='ltr'><strong>vere</strong></span> <span class='ocrx_word' id='word_1_153' title='bbox 1724 1440 1946 1489; x_wconf 86' lang='lat' dir='ltr'><strong>laudanti·</strong></span> 
     </span>
     <span class='ocr_line' id='line_1_20' title="bbox 433 1508 1773 1573; baseline 0 -16"><span class='ocrx_word' id='word_1_154' title='bbox 433 1508 520 1557; x_wconf 89' lang='lat' dir='ltr'><strong>bus</strong></span> <span class='ocrx_word' id='word_1_155' title='bbox 540 1512 843 1558; x_wconf 86' lang='lat' dir='ltr'><strong>occasionem</strong></span> <span class='ocrx_word' id='word_1_156' title='bbox 861 1510 1304 1572; x_wconf 77' lang='lat' dir='ltr'><strong>magnificentissimi</strong></span> <span class='ocrx_word' id='word_1_157' title='bbox 1327 1518 1535 1573; x_wconf 84' lang='lat' dir='ltr'><strong>praestet</strong></span> <span class='ocrx_word' id='word_1_158' title='bbox 1554 1509 1773 1573; x_wconf 86' lang='lat' dir='ltr'><strong>exempli.</strong></span> 
     </span>
    </p>

    <p class='ocr_par' dir='ltr' id='par_1_4' title="bbox 428 1577 1947 2527">
     <span class='ocr_line' id='line_1_21' title="bbox 539 1577 1947 1643; baseline -0.001 -15"><span class='ocrx_word' id='word_1_159' title='bbox 539 1579 579 1627; x_wconf 81' lang='lat' dir='ltr'>C</span> <span class='ocrx_word' id='word_1_160' title='bbox 594 1597 627 1628; x_wconf 77' lang='lat' dir='ltr'>A</span> <span class='ocrx_word' id='word_1_161' title='bbox 642 1595 687 1626; x_wconf 79' lang='grc' dir='ltr'><strong>ι».</strong></span> <span class='ocrx_word' id='word_1_162' title='bbox 716 1577 796 1626; x_wconf 90' lang='lat' dir='ltr'><strong>VI.</strong></span> <span class='ocrx_word' id='word_1_163' title='bbox 821 1577 958 1643; x_wconf 92' lang='grc' dir='ltr'>(ΙΙΙ.)</span> <span class='ocrx_word' id='word_1_164' title='bbox 1014 1579 1249 1627; x_wconf 86' lang='lat' dir='ltr'><strong>Defuncto</strong></span> <span class='ocrx_word' id='word_1_165' title='bbox 1272 1578 1471 1628; x_wconf 86' lang='lat' dir='ltr'><strong>Traiano</strong></span> <span class='ocrx_word' id='word_1_166' title='bbox 1499 1579 1664 1628; x_wconf 90' lang='lat' dir='ltr'><strong>Aelius</strong></span> <span class='ocrx_word' id='word_1_167' title='bbox 1689 1578 1947 1628; x_wconf 82' lang='lat' dir='ltr'><strong>Hadrianus</strong></span> 
     </span>
     <span class='ocr_line' id='line_1_22' title="bbox 433 1647 1943 1712; baseline 0.001 -17"><span class='ocrx_word' id='word_1_168' title='bbox 433 1657 616 1696; x_wconf 85' lang='lat' dir='ltr'><strong>creatus</strong></span> <span class='ocrx_word' id='word_1_169' title='bbox 636 1655 710 1695; x_wconf 91' lang='lat' dir='ltr'><strong>est</strong></span> <span class='ocrx_word' id='word_1_170' title='bbox 729 1650 970 1711; x_wconf 77' lang='lat' dir='ltr'><strong>princepS,</strong></span> <span class='ocrx_word' id='word_1_171' title='bbox 993 1650 1094 1696; x_wconf 88' lang='lat' dir='ltr'><strong>sine</strong></span> <span class='ocrx_word' id='word_1_172' title='bbox 1111 1648 1266 1711; x_wconf 87' lang='lat' dir='ltr'><strong>aliqua</strong></span> <span class='ocrx_word' id='word_1_173' title='bbox 1286 1649 1473 1712; x_wconf 88' lang='lat' dir='ltr'><strong>quidem</strong></span> <span class='ocrx_word' id='word_1_174' title='bbox 1493 1649 1731 1697; x_wconf 84' lang='lat' dir='ltr'><strong>voluntate</strong></span> <span class='ocrx_word' id='word_1_175' title='bbox 1745 1647 1943 1710; x_wconf 89' lang='lat' dir='ltr'><strong>Traiani,</strong></span> 
     </span>
     <span class='ocr_line' id='line_1_23' title="bbox 432 1716 1944 1781; baseline 0.001 -17"><span class='ocrx_word' id='word_1_176' title='bbox 432 1717 516 1765; x_wconf 86' lang='lat' dir='ltr'><strong>sed</strong></span> <span class='ocrx_word' id='word_1_177' title='bbox 537 1730 730 1781; x_wconf 87' lang='lat' dir='ltr'><strong>operam</strong></span> <span class='ocrx_word' id='word_1_178' title='bbox 751 1717 886 1765; x_wconf 89' lang='lat' dir='ltr'><strong>dante</strong></span> <span class='ocrx_word' id='word_1_179' title='bbox 904 1716 1109 1777; x_wconf 89' lang='lat' dir='ltr'><strong>Plotina,</strong></span> <span class='ocrx_word' id='word_1_180' title='bbox 1143 1717 1325 1767; x_wconf 86' lang='lat' dir='ltr'><strong>Traiani</strong></span> <span class='ocrx_word' id='word_1_181' title='bbox 1346 1733 1511 1767; x_wconf 85' lang='lat' dir='ltr'><strong>uxore.</strong></span> <span class='ocrx_word' id='word_1_182' title='bbox 1574 1717 1690 1767; x_wconf 89' lang='lat' dir='ltr'><strong>Nam</strong></span> <span class='ocrx_word' id='word_1_183' title='bbox 1712 1733 1817 1766; x_wconf 89' lang='lat' dir='ltr'><strong>eum</strong></span> <span class='ocrx_word' id='word_1_184' title='bbox 1836 1716 1944 1765; x_wconf 80' lang='lat' dir='ltr'><strong>Tra-</strong></span> 
     </span>
     <span class='ocr_line' id='line_1_24' title="bbox 431 1786 1947 1850; baseline 0 -16"><span class='ocrx_word' id='word_1_185' title='bbox 431 1789 588 1849; x_wconf 87' lang='lat' dir='ltr'><strong>ianus,</strong></span> <span class='ocrx_word' id='word_1_186' title='bbox 621 1801 881 1850; x_wconf 88' lang='lat' dir='ltr'><strong>quanquam</strong></span> <span class='ocrx_word' id='word_1_187' title='bbox 905 1787 1216 1836; x_wconf 87' lang='lat' dir='ltr'><strong>consobrinae</strong></span> <span class='ocrx_word' id='word_1_188' title='bbox 1236 1803 1350 1836; x_wconf 87' lang='lat' dir='ltr'><strong>suae</strong></span> <span class='ocrx_word' id='word_1_189' title='bbox 1374 1788 1539 1848; x_wconf 80' lang='lat' dir='ltr'><strong>lilium,</strong></span> <span class='ocrx_word' id='word_1_190' title='bbox 1575 1789 1710 1835; x_wconf 88' lang='lat' dir='ltr'><strong>vivus</strong></span> <span class='ocrx_word' id='word_1_191' title='bbox 1732 1786 1947 1835; x_wconf 87' lang='lat' dir='ltr'><strong>noluerat</strong></span> 
     </span>
     <span class='ocr_line' id='line_1_25' title="bbox 429 1855 1944 1920; baseline -0.001 -16"><span class='ocrx_word' id='word_1_192' title='bbox 429 1856 672 1919; x_wconf 87' lang='lat' dir='ltr'><strong>adoptare.</strong></span> <span class='ocrx_word' id='word_1_193' title='bbox 721 1855 869 1904; x_wconf 88' lang='lat' dir='ltr'><strong>Natus</strong></span> <span class='ocrx_word' id='word_1_194' title='bbox 889 1864 936 1904; x_wconf 88' lang='lat' dir='ltr'><strong>et</strong></span> <span class='ocrx_word' id='word_1_195' title='bbox 954 1858 1061 1920; x_wconf 88' lang='lat' dir='ltr'><strong>ipse</strong></span> <span class='ocrx_word' id='word_1_196' title='bbox 1076 1855 1268 1904; x_wconf 88' lang='lat' dir='ltr'><strong>Italicae</strong></span> <span class='ocrx_word' id='word_1_197' title='bbox 1289 1857 1335 1904; x_wconf 92' lang='lat' dir='ltr'><strong>in</strong></span> <span class='ocrx_word' id='word_1_198' title='bbox 1354 1855 1591 1920; x_wconf 88' lang='lat' dir='ltr'><strong>Hispania.</strong></span> <span class='ocrx_word' id='word_1_199' title='bbox 1645 1855 1737 1915; x_wconf 83' lang='lat' dir='ltr'><strong>Qui</strong></span> <span class='ocrx_word' id='word_1_200' title='bbox 1763 1855 1944 1904; x_wconf 86' lang='lat' dir='ltr'><strong>Traiani</strong></span> 
     </span>
     <span class='ocr_line' id='line_1_26' title="bbox 428 1923 1942 1989; baseline 0 -16"><span class='ocrx_word' id='word_1_201' title='bbox 428 1926 610 1989; x_wconf 82' lang='lat' dir='ltr'><strong>gloriae</strong></span> <span class='ocrx_word' id='word_1_202' title='bbox 630 1925 844 1973; x_wconf 86' lang='lat' dir='ltr'><strong>invidens</strong></span> <span class='ocrx_word' id='word_1_203' title='bbox 871 1927 1023 1974; x_wconf 89' lang='lat' dir='ltr'><strong>statim</strong></span> <span class='ocrx_word' id='word_1_204' title='bbox 1047 1926 1316 1989; x_wconf 87' lang='lat' dir='ltr'><strong>provincias</strong></span> <span class='ocrx_word' id='word_1_205' title='bbox 1339 1933 1435 1973; x_wconf 86' lang='lat' dir='ltr'><strong>tres</strong></span> <span class='ocrx_word' id='word_1_206' title='bbox 1454 1925 1661 1989; x_wconf 85' lang='lat' dir='ltr'><strong>reliquit,</strong></span> <span class='ocrx_word' id='word_1_207' title='bbox 1697 1940 1813 1988; x_wconf 86' lang='lat' dir='ltr'><strong>quas</strong></span> <span class='ocrx_word' id='word_1_208' title='bbox 1832 1923 1942 1973; x_wconf 85' lang='lat' dir='ltr'><strong>Tra·</strong></span> 
     </span>
     <span class='ocr_line' id='line_1_27' title="bbox 430 1993 1943 2058; baseline -0.001 -15"><span class='ocrx_word' id='word_1_209' title='bbox 430 1998 559 2043; x_wconf 89' lang='lat' dir='ltr'><strong>ianus</strong></span> <span class='ocrx_word' id='word_1_210' title='bbox 587 1994 850 2057; x_wconf 85' lang='lat' dir='ltr'><strong>addiderat,</strong></span> <span class='ocrx_word' id='word_1_211' title='bbox 891 2002 938 2042; x_wconf 91' lang='lat' dir='ltr'><strong>et</strong></span> <span class='ocrx_word' id='word_1_212' title='bbox 962 1994 1020 2042; x_wconf 90' lang='lat' dir='ltr'><strong>de</strong></span> <span class='ocrx_word' id='word_1_213' title='bbox 1038 1995 1263 2057; x_wconf 80' lang='lat' dir='ltr'><strong>Assyria,</strong></span> <span class='ocrx_word' id='word_1_214' title='bbox 1290 1993 1633 2058; x_wconf 77' lang='lat' dir='ltr'><strong>Mesopotamia</strong></span> <span class='ocrx_word' id='word_1_215' title='bbox 1661 2002 1708 2042; x_wconf 85' lang='lat' dir='ltr'><strong>et</strong></span> <span class='ocrx_word' id='word_1_216' title='bbox 1726 1994 1943 2042; x_wconf 86' lang='lat' dir='ltr'><strong>Armenia</strong></span> 
     </span>
     <span class='ocr_line' id='line_1_28' title="bbox 429 2062 1942 2127; baseline -0.001 -17"><span class='ocrx_word' id='word_1_217' title='bbox 429 2064 672 2111; x_wconf 83' lang='lat' dir='ltr'><strong>revocavit</strong></span> <span class='ocrx_word' id='word_1_218' title='bbox 699 2065 935 2111; x_wconf 81' lang='lat' dir='ltr'><strong>exercitus</strong></span> <span class='ocrx_word' id='word_1_219' title='bbox 961 2078 1016 2112; x_wconf 91' lang='lat' dir='ltr'><strong>ac</strong></span> <span class='ocrx_word' id='word_1_220' title='bbox 1047 2065 1183 2112; x_wconf 83' lang='lat' dir='ltr'><strong>finem</strong></span> <span class='ocrx_word' id='word_1_221' title='bbox 1210 2065 1392 2127; x_wconf 89' lang='lat' dir='ltr'><strong>imperii</strong></span> <span class='ocrx_word' id='word_1_222' title='bbox 1424 2079 1533 2112; x_wconf 86' lang='lat' dir='ltr'><strong>esse</strong></span> <span class='ocrx_word' id='word_1_223' title='bbox 1557 2063 1705 2111; x_wconf 88' lang='lat' dir='ltr'><strong>voluit</strong></span> <span class='ocrx_word' id='word_1_224' title='bbox 1731 2062 1942 2126; x_wconf 85' lang='lat' dir='ltr'><strong>Euphra·</strong></span> 
     </span>
     <span class='ocr_line' id='line_1_29' title="bbox 430 2130 1940 2193; baseline 0 -13"><span class='ocrx_word' id='word_1_225' title='bbox 430 2142 537 2181; x_wconf 88' lang='lat' dir='ltr'><strong>tem.</strong></span> <span class='ocrx_word' id='word_1_226' title='bbox 580 2130 707 2180; x_wconf 88' lang='lat' dir='ltr'><strong>Idem</strong></span> <span class='ocrx_word' id='word_1_227' title='bbox 736 2131 795 2179; x_wconf 89' lang='lat' dir='ltr'><strong>de</strong></span> <span class='ocrx_word' id='word_1_228' title='bbox 819 2131 966 2181; x_wconf 89' lang='lat' dir='ltr'><strong>Dacia</strong></span> <span class='ocrx_word' id='word_1_229' title='bbox 994 2133 1154 2182; x_wconf 85' lang='lat' dir='ltr'><strong>facere</strong></span> <span class='ocrx_word' id='word_1_230' title='bbox 1189 2141 1403 2182; x_wconf 85' lang='lat' dir='ltr'><strong>conatum</strong></span> <span class='ocrx_word' id='word_1_231' title='bbox 1432 2135 1567 2182; x_wconf 84' lang='lat' dir='ltr'><strong>amici</strong></span> <span class='ocrx_word' id='word_1_232' title='bbox 1602 2132 1940 2193; x_wconf 85' lang='lat' dir='ltr'><strong>deterruerunt,</strong></span> 
     </span>
     <span class='ocr_line' id='line_1_30' title="bbox 431 2201 1943 2265; baseline -0.001 -15"><span class='ocrx_word' id='word_1_233' title='bbox 431 2217 489 2250; x_wconf 87' lang='lat' dir='ltr'><strong>ne</strong></span> <span class='ocrx_word' id='word_1_234' title='bbox 519 2201 648 2249; x_wconf 88' lang='lat' dir='ltr'><strong>multi</strong></span> <span class='ocrx_word' id='word_1_235' title='bbox 687 2203 817 2249; x_wconf 88' lang='lat' dir='ltr'><strong>cives</strong></span> <span class='ocrx_word' id='word_1_236' title='bbox 852 2201 1048 2250; x_wconf 90' lang='lat' dir='ltr'><strong>Romani</strong></span> <span class='ocrx_word' id='word_1_237' title='bbox 1075 2203 1285 2251; x_wconf 86' lang='lat' dir='ltr'><strong>barbaris</strong></span> <span class='ocrx_word' id='word_1_238' title='bbox 1326 2202 1642 2265; x_wconf 84' lang='lat' dir='ltr'><strong>traderentur,</strong></span> <span class='ocrx_word' id='word_1_239' title='bbox 1690 2209 1943 2265; x_wconf 85' lang='lat' dir='ltr'><strong>propterea</strong></span> 
     </span>
     <span class='ocr_line' id='line_1_31' title="bbox 431 2270 1943 2335; baseline 0 -17"><span class='ocrx_word' id='word_1_240' title='bbox 431 2271 558 2335; x_wconf 89' lang='lat' dir='ltr'><strong>quod</strong></span> <span class='ocrx_word' id='word_1_241' title='bbox 590 2270 812 2319; x_wconf 89' lang='lat' dir='ltr'><strong>Traianus</strong></span> <span class='ocrx_word' id='word_1_242' title='bbox 836 2273 960 2320; x_wconf 78' lang='lat' dir='ltr'><strong>victa</strong></span> <span class='ocrx_word' id='word_1_243' title='bbox 977 2270 1123 2320; x_wconf 88' lang='lat' dir='ltr'><strong>Dacia</strong></span> <span class='ocrx_word' id='word_1_244' title='bbox 1155 2288 1215 2320; x_wconf 82' lang='lat' dir='ltr'><strong>ex</strong></span> <span class='ocrx_word' id='word_1_245' title='bbox 1240 2279 1341 2320; x_wconf 89' lang='lat' dir='ltr'><strong>toto</strong></span> <span class='ocrx_word' id='word_1_246' title='bbox 1372 2272 1486 2320; x_wconf 88' lang='lat' dir='ltr'><strong>orbe</strong></span> <span class='ocrx_word' id='word_1_247' title='bbox 1505 2271 1716 2320; x_wconf 76' lang='lat' dir='ltr'><strong>Romano</strong></span> <span class='ocrx_word' id='word_1_248' title='bbox 1744 2271 1943 2320; x_wconf 82' lang='lat' dir='ltr'><strong>infinitas</strong></span> 
     </span>
     <span class='ocr_line' id='line_1_32' title="bbox 431 2340 1940 2405; baseline 0 -17"><span class='ocrx_word' id='word_1_249' title='bbox 431 2354 490 2389; x_wconf 91' lang='lat' dir='ltr'><strong>eo</strong></span> <span class='ocrx_word' id='word_1_250' title='bbox 512 2341 676 2404; x_wconf 86' lang='lat' dir='ltr'><strong>copias</strong></span> <span class='ocrx_word' id='word_1_251' title='bbox 708 2341 944 2389; x_wconf 82' lang='lat' dir='ltr'><strong>hominum</strong></span> <span class='ocrx_word' id='word_1_252' title='bbox 971 2341 1268 2389; x_wconf 84' lang='lat' dir='ltr'><strong>transtulerat</strong></span> <span class='ocrx_word' id='word_1_253' title='bbox 1292 2341 1350 2389; x_wconf 89' lang='lat' dir='ltr'><strong>ad</strong></span> <span class='ocrx_word' id='word_1_254' title='bbox 1369 2355 1510 2405; x_wconf 81' lang='lat' dir='ltr'><strong>agros</strong></span> <span class='ocrx_word' id='word_1_255' title='bbox 1541 2349 1587 2389; x_wconf 90' lang='lat' dir='ltr'><strong>et</strong></span> <span class='ocrx_word' id='word_1_256' title='bbox 1614 2341 1755 2389; x_wconf 89' lang='lat' dir='ltr'><strong>urbes</strong></span> <span class='ocrx_word' id='word_1_257' title='bbox 1782 2340 1940 2389; x_wconf 84' lang='lat' dir='ltr'><strong>colen·</strong></span> 
     </span>
     <span class='ocr_line' id='line_1_33' title="bbox 431 2408 1940 2459; baseline -0.001 -1"><span class='ocrx_word' id='word_1_258' title='bbox 431 2410 528 2458; x_wconf 86' lang='lat' dir='ltr'><strong>das.</strong></span> <span class='ocrx_word' id='word_1_259' title='bbox 583 2408 731 2458; x_wconf 86' lang='lat' dir='ltr'><strong>Dacia</strong></span> <span class='ocrx_word' id='word_1_260' title='bbox 763 2412 885 2459; x_wconf 88' lang='lat' dir='ltr'><strong>enim</strong></span> <span class='ocrx_word' id='word_1_261' title='bbox 906 2409 1120 2458; x_wconf 87' lang='lat' dir='ltr'><strong>diuturno</strong></span> <span class='ocrx_word' id='word_1_262' title='bbox 1140 2410 1269 2458; x_wconf 87' lang='lat' dir='ltr'><strong>bello</strong></span> <span class='ocrx_word' id='word_1_263' title='bbox 1287 2409 1518 2459; x_wconf 84' lang='lat' dir='ltr'><strong>Decebali</strong></span> <span class='ocrx_word' id='word_1_264' title='bbox 1545 2411 1657 2458; x_wconf 83' lang='lat' dir='ltr'><strong>viris</strong></span> <span class='ocrx_word' id='word_1_265' title='bbox 1683 2411 1837 2459; x_wconf 87' lang='lat' dir='ltr'><strong>fuerat</strong></span> <span class='ocrx_word' id='word_1_266' title='bbox 1860 2424 1940 2458; x_wconf 84' lang='lat' dir='ltr'><strong>ex·</strong></span> 
     </span>
     <span class='ocr_line' id='line_1_34' title="bbox 431 2480 608 2527; baseline 0 0"><span class='ocrx_word' id='word_1_267' title='bbox 431 2480 608 2527; x_wconf 84' lang='lat' dir='ltr'><strong>hausta.</strong></span> 
     </span>
    </p>

    <p class='ocr_par' dir='ltr' id='par_1_5' title="bbox 428 2546 1938 2817">
     <span class='ocr_line' id='line_1_35' title="bbox 534 2546 1938 2612; baseline -0.001 -16"><span class='ocrx_word' id='word_1_268' title='bbox 534 2548 674 2599; x_wconf 62' lang='lat' dir='ltr'><strong>Gn.</strong></span> <span class='ocrx_word' id='word_1_269' title='bbox 703 2546 805 2595; x_wconf 89' lang='lat' dir='ltr'><strong>vll.</strong></span> <span class='ocrx_word' id='word_1_270' title='bbox 860 2547 1029 2596; x_wconf 87' lang='lat' dir='ltr'><strong>Pacem</strong></span> <span class='ocrx_word' id='word_1_271' title='bbox 1051 2555 1203 2596; x_wconf 83' lang='lat' dir='ltr'><strong>tamen</strong></span> <span class='ocrx_word' id='word_1_272' title='bbox 1236 2549 1359 2595; x_wconf 89' lang='lat' dir='ltr'><strong>omni</strong></span> <span class='ocrx_word' id='word_1_273' title='bbox 1395 2555 1610 2611; x_wconf 86' lang='lat' dir='ltr'><strong>tempore</strong></span> <span class='ocrx_word' id='word_1_274' title='bbox 1646 2549 1827 2612; x_wconf 87' lang='lat' dir='ltr'><strong>imperii</strong></span> <span class='ocrx_word' id='word_1_275' title='bbox 1865 2548 1938 2596; x_wconf 90' lang='lat' dir='ltr'><strong>sui</strong></span> 
     </span>
     <span class='ocr_line' id='line_1_36' title="bbox 430 2616 1938 2680; baseline -0.001 -15"><span class='ocrx_word' id='word_1_276' title='bbox 430 2618 613 2678; x_wconf 86' lang='lat' dir='ltr'><strong>habuit,</strong></span> <span class='ocrx_word' id='word_1_277' title='bbox 656 2616 805 2664; x_wconf 87' lang='lat' dir='ltr'><strong>semel</strong></span> <span class='ocrx_word' id='word_1_278' title='bbox 844 2623 1016 2664; x_wconf 88' lang='lat' dir='ltr'><strong>tantum</strong></span> <span class='ocrx_word' id='word_1_279' title='bbox 1051 2631 1136 2680; x_wconf 88' lang='lat' dir='ltr'><strong>per</strong></span> <span class='ocrx_word' id='word_1_280' title='bbox 1165 2616 1429 2680; x_wconf 88' lang='lat' dir='ltr'><strong>praesidem</strong></span> <span class='ocrx_word' id='word_1_281' title='bbox 1460 2617 1710 2666; x_wconf 82' lang='lat' dir='ltr'><strong>dimicavit.</strong></span> <span class='ocrx_word' id='word_1_282' title='bbox 1767 2617 1938 2665; x_wconf 80' lang='lat' dir='ltr'><strong>Orbem</strong></span> 
     </span>
     <span class='ocr_line' id='line_1_37' title="bbox 428 2683 1936 2735; baseline -0.001 -2"><span class='ocrx_word' id='word_1_283' title='bbox 428 2685 685 2733; x_wconf 84' lang='lat' dir='ltr'><strong>Romanum</strong></span> <span class='ocrx_word' id='word_1_284' title='bbox 705 2686 947 2733; x_wconf 88' lang='lat' dir='ltr'><strong>circumiit.</strong></span> <span class='ocrx_word' id='word_1_285' title='bbox 982 2685 1125 2735; x_wconf 86' lang='lat' dir='ltr'><strong>Multa</strong></span> <span class='ocrx_word' id='word_1_286' title='bbox 1144 2686 1421 2734; x_wconf 86' lang='lat' dir='ltr'><strong>aedificavit.</strong></span> <span class='ocrx_word' id='word_1_287' title='bbox 1459 2686 1836 2735; x_wconf 85' lang='lat' dir='ltr'><strong>Facundissimus</strong></span> <span class='ocrx_word' id='word_1_288' title='bbox 1852 2683 1936 2732; x_wconf 88' lang='lat' dir='ltr'><strong>La·</strong></span> 
     </span>
     <span class='ocr_line' id='line_1_38' title="bbox 429 2753 1936 2817; baseline 0 -16"><span class='ocrx_word' id='word_1_289' title='bbox 429 2756 523 2802; x_wconf 88' lang='lat' dir='ltr'><strong>tino</strong></span> <span class='ocrx_word' id='word_1_290' title='bbox 560 2767 801 2814; x_wconf 70' lang='lat' dir='ltr'><strong>sermone,</strong></span> <span class='ocrx_word' id='word_1_291' title='bbox 846 2753 1028 2803; x_wconf 86' lang='lat' dir='ltr'><strong>Graeco</strong></span> <span class='ocrx_word' id='word_1_292' title='bbox 1058 2755 1397 2804; x_wconf 87' lang='lat' dir='ltr'><strong>eruditissimus</strong></span> <span class='ocrx_word' id='word_1_293' title='bbox 1432 2756 1533 2804; x_wconf 84' lang='lat' dir='ltr'><strong>fuit.</strong></span> <span class='ocrx_word' id='word_1_294' title='bbox 1590 2755 1695 2804; x_wconf 91' lang='lat' dir='ltr'><strong>Non</strong></span> <span class='ocrx_word' id='word_1_295' title='bbox 1730 2769 1936 2817; x_wconf 81' lang='lat' dir='ltr'><strong>magnam</strong></span> 
     </span>
    </p>
   </div>
  </div>
 </body>
</html>
