2026 3238
750 174 983 219 LIBER
1025 175 1069 219 V.
1597 171 1663 220 35

151 308 421 372 respondit,
461 310 549 357 nisi
584 323 668 359 rex
685 308 864 358 relictis
891 310 975 373 iis,
1009 324 1128 373 quae
1148 317 1482 372 occupaverat,
1511 308 1568 358 ad
1591 325 1665 358 re-

150 393 291 443 gnum
325 393 458 427 suum
483 377 703 429 redisset.
752 377 925 428 Postea
950 386 1104 428 tamen
1132 377 1191 429 ad
1220 377 1508 443 colloquium
1527 379 1664 435 ambo
1676 388 1753 423 ω]

150 454 391 498 venerunt.
443 446 540 496 Pax
567 448 687 498 inter
715 461 803 497 eos
831 447 1039 498 ordinata
1059 455 1159 511 est,
1189 454 1240 496 ut
1257 447 1387 497 Sulla
1410 448 1468 499 ad
1492 446 1666 497 bellum
1686 444 1756 478 ⁶⁶⁸·

151 516 293 566 civile
310 516 536 566 festinans
555 531 583 566 a
601 525 738 581 tergo
765 517 1026 582 periculum
1056 531 1150 566 non
1169 516 1379 570 haberet.
1420 518 1529 583 (V.)
1549 516 1665 567 Nam

150 586 258 635 dum
277 585 405 635 Sulla
423 586 470 634 in
482 584 660 636 Achaia
677 594 819 651 atque
836 586 950 637 Asia
967 586 1277 637 Mithridatem
1292 588 1455 651 vincit,
1465 586 1658 651 Marius,
1673 608 1757 642 Am,

150 656 230 720 qui
250 654 439 720 fugatus
460 662 584 718 erat,
624 663 671 705 et
693 654 942 707 Cornelius
962 657 1127 718 Cinna,
1150 672 1268 707 unus
1293 672 1354 706 ex
1374 655 1663 719 consulibus,
1684 665 1760 698 665·

148 723 324 774 bellum
343 725 390 773 in
408 721 543 774 Italia
559 733 832 789 repararunt
851 734 898 776 et
914 726 1118 791 ingressi
1137 726 1299 775 urbem
1318 725 1515 776 Romam
1532 726 1665 776 nobi·

147 793 355 842 lissimos
375 807 435 842 ex
461 801 624 844 senatu
645 803 692 844 et
711 795 986 845 consulares
1004 797 1132 845 viros
1159 796 1520 859 interfecerunt,
1550 795 1666 844 mul·

147 870 222 911 tos
262 863 671 928 proscripserunt,
711 866 861 930 ipsius
893 864 1053 914 Sullae
1087 864 1225 913 domo
1265 880 1433 914 eversa
1464 864 1586 914 filios
1620 872 1668 913 et

147 945 340 981 uxorem
359 931 418 981 ad
436 931 595 997 fugam
616 934 955 998 compulerunt.
1000 934 1256 983 Universus
1287 934 1498 999 reliquus
1530 948 1665 983 sena-

146 1009 221 1050 tus
246 1016 306 1051 ex
324 1001 441 1051 urbe
466 1002 654 1067 fugiens
685 1003 742 1052 ad
762 1004 938 1054 Sullam
967 1004 1015 1053 in
1047 1002 1290 1052 Graeciam
1318 1004 1475 1066 venit,
1507 1017 1664 1066 oranS,

147 1078 195 1119 ut
216 1072 393 1135 patriae
414 1071 699 1123 subveniret.
747 1071 835 1122 Ille
864 1074 911 1123 in
935 1072 1113 1123 Italiam
1140 1073 1351 1135 traiecit,
1389 1071 1564 1121 bellum
1602 1074 1667 1121 ci·

145 1139 240 1188 vile
265 1147 487 1204 gesturus
509 1140 734 1191 adversus
755 1142 1024 1192 Norbanum
1056 1149 1102 1191 et
1123 1141 1398 1206 Scipionem
1428 1141 1664 1191 consules.

145 1208 205 1258 Et
238 1210 387 1272 primo
416 1209 601 1273 proelio
632 1219 792 1260 contra
823 1210 1092 1261 Norbanum
1119 1211 1352 1260 dimicavit
1390 1225 1485 1260 non
1520 1211 1766 1275 longene.

144 1294 171 1327 a
196 1278 374 1342 Capua.
419 1277 535 1327 Tum
556 1294 623 1327 vu
647 1279 772 1330 milia
793 1282 894 1329 eius
917 1280 1106 1344 eccidit,
1134 1297 1181 1329 vr
1203 1279 1329 1329 milia
1350 1282 1493 1344 cepit,
1525 1297 1666 1330 cxxrv
1684 1278 1759 1313 ⁶⁶⁹·

145 1361 334 1396 suorum
355 1349 520 1398 amisit.
581 1348 697 1400 Inde
718 1351 857 1399 etiam
886 1350 950 1399 adv
963 1350 1237 1414 Scipionem
1268 1364 1321 1398 se
1355 1351 1587 1399 convertit
1619 1356 1667 1398 et

144 1424 252 1466 ante
269 1416 502 1489 proelium
519 1424 666 1467 totum
688 1420 791 1468 eius
812 1421 1070 1468 exercitum
1091 1421 1193 1468 sine
1211 1421 1439 1484 sanguine
1460 1420 1507 1467 in
1535 1417 1664 1468 dedi·

146 1488 322 1535 tionem
348 1487 550 1552 accepit

249 1554 392 1605 Car.
411 1554 540 1607 vm.
594 1557 691 1606 Sed
718 1573 823 1607 cum
844 1558 1026 1609 Romae
1049 1559 1211 1608 mutati
1232 1557 1455 1607 consules
1482 1565 1661 1621 essent,
1684 1587 1729 1623 Δ
1734 1585 1763 1618 1,

143 1624 335 1688 Marius,
366 1624 500 1675 Marii
527 1625 676 1689 filius,
709 1641 766 1676 ac
785 1626 1011 1710 Papirius
1023 1626 1176 1678 Carbo
1209 1626 1502 1677 consulatum
1525 1642 1663 1677 acce·
1693 1641 1765 1677 670.

145 1696 342 1775 pissent,
366 1693 496 1744 Sulla
517 1703 678 1745 contra
695 1695 890 1746 Marium
917 1698 1146 1746 iuniorem
1175 1697 1411 1746 dimicavit
1437 1703 1486 1746 ct
1504 1713 1565 1746 xx
1582 1700 1665 1745 mi-

143 1763 265 1812 libus
291 1765 396 1812 eius
421 1766 596 1814 occisis
618 1783 742 1815 cccc
762 1765 822 1814 de
843 1768 940 1814 suis
962 1765 1180 1830 perdidit.
1215 1764 1330 1814 Mox
1350 1766 1490 1814 etiam
1503 1766 1666 1815 urbem

142 1833 392 1898 ingressus
413 1840 501 1883 est.
554 1833 769 1898 Marium,
792 1834 927 1884 Marii
948 1834 1109 1898 filium,
1131 1834 1419 1884 Praenesten
1438 1831 1664 1899 persecu·

139 1909 217 1952 tus
246 1901 434 1952 obsedit
463 1910 510 1952 et
538 1902 597 1952 ad
623 1911 822 1953 mortem
842 1903 1080 1968 compulit.
1137 1903 1319 1953 Rursus
1339 1918 1542 1968 pugnam
1559 1919 1664 1969 gra·

140 1973 379 2022 vissimam
405 1972 567 2022 habuit
598 1980 760 2023 contra
783 1972 1087 2038 Lamponium
1119 1981 1166 2022 et
1187 1972 1476 2034 Carinatem,
1517 1973 1664 2022 duces

142 2042 288 2105 partis
314 2041 580 2105 Marianae,
614 2042 671 2092 ad
701 2051 882 2106 portam
902 2041 1147 2092 Collinam.
1195 2059 1287 2092 Lxx
1306 2041 1431 2091 milia
1460 2043 1665 2092 hostium

139 2111 186 2159 in
216 2124 276 2159 eo
302 2110 488 2176 proelio
510 2119 671 2161 contra
690 2111 866 2162 Sullam
893 2112 1045 2161 fuisse
1067 2112 1421 2163 dicuntur.111
1452 2111 1579 2161 milia
1608 2126 1662 2161 se

141 2179 300 2230 Sullae
320 2179 615 2244 dediderunt,
647 2183 794 2230 ceteri
813 2184 860 2230 in
880 2183 1001 2244 acie,
1024 2184 1070 2230 in
1092 2183 1278 2243 castris,
1299 2182 1347 2229 in
1366 2180 1505 2244 fuga,
1540 2183 1661 2231 insa·

139 2247 288 2298 tiabili
311 2250 594 2299 iravictoris
623 2251 889 2314 consumpti
909 2257 1029 2300 sunt
1059 2249 1193 2316 (vl.)
1233 2246 1318 2299 Cn.
1340 2262 1532 2314 quoque
1553 2249 1662 2300 Car-

139 2318 221 2380 bo,
242 2317 409 2367 consul
427 2318 562 2382 alter,
583 2315 861 2368 ab'Arimino
881 2319 939 2369 ad
949 2318 1157 2368 Siciliam
1176 2318 1297 2384 fugit
1317 2326 1364 2366 et
1386 2318 1451 2367 ibi
1471 2332 1559 2382 per
1578 2317 1661 2370 Cn

139 2386 415 2453 Pompeium
440 2387 718 2438 interfectus
754 2395 852 2452 est,
886 2403 1026 2454 quem
1054 2387 1407 2438 adolescentem
1439 2387 1568 2437 Sulla
1596 2395 1661 2438 at-

141 2471 236 2522 que
270 2470 417 2508 annos
443 2473 583 2506 unum
615 2464 662 2506 et
693 2459 860 2523 viginti
892 2464 1048 2508 natum
1077 2460 1266 2523 cognita
1303 2459 1404 2505 eius
1435 2456 1662 2507 industria

138 2527 278 2644 {antis
321 2526 606 2577 exercitibus
645 2526 969 2591 praefecerat,
1015 2534 1064 2575 ut
1100 2527 1336 2577 secundus
1368 2542 1395 2576 a
1427 2525 1555 2576 Sulla
1583 2528 1660 2576 ha-

175 2603 391 2717 ereguz.
412 2664 497 2716 lx.
526 2665 704 2716 Occiso
726 2681 842 2732 ergo
865 2666 1082 2717 Carbone
1093 2666 1302 2716 Siciliam
1313 2665 1567 2729 Pompeius
1588 2680 1660 2714 re·

142 2736 284 2800 cepit.
331 2733 678 2801 Transgressus
700 2736 807 2786 inde
826 2736 884 2786 ad
904 2735 1113 2786 Africam
1125 2735 1405 2797 Domitium,
1427 2733 1662 2786 Marianae

141 2806 286 2868 partis
308 2804 493 2869 ducem,
517 2813 563 2854 et
582 2804 822 2868 Hiarbam,
853 2822 1016 2870 regem
1033 2805 1348 2856 Mauretaniae
1346 2841 1377 2923 ἐ
1403 2806 1484 2901 {¹¹¹¹
1499 2803 1659 2854 Domi·
