2026 3238
396 172 463 224 52
687 218 691 222 .
973 177 1332 222 EUTROPll

395 312 542 358 maior
565 317 638 359 est
662 310 916 359 liberalitas
944 319 1201 375 comperta,
1232 312 1307 359 vel
1329 313 1509 359 iustior.
1564 311 1911 363 Placidissimae

395 379 625 441 lenitatis,
667 387 716 428 ut
741 382 819 444 qui
846 382 1103 429 maiestatis
1130 395 1321 444 quoque
1342 387 1501 428 contra
1527 396 1580 428 se
1601 395 1711 430 reos
1730 397 1824 432 non
1843 383 1909 432 fa-

309 455 350 486 P·
396 449 488 497 cile
506 450 694 512 puniret
719 450 835 498 ultra
855 449 1007 498 exsilii
1024 463 1240 511 poenam.
1278 450 1374 497 Sub
1395 450 1488 498 hoc
1505 448 1680 499 Iudaea
1698 451 1908 501 Romano

282 510 374 599 θῇ·
394 520 602 567 accessit
626 520 842 582 imper-ic,
866 526 913 566 et
930 518 1274 582 Hierosolyma,
1300 533 1419 582 quae
1439 518 1527 567 fuit
1545 519 1656 568 urbs
1672 520 1910 570 nobilissi-

351 591 360 600 '
392 602 464 635 ma
491 586 798 636 Palaestinae.
837 587 1077 650 Achaiam,
1115 587 1323 651 Lyciam,
1354 588 1587 650 Rhodum,
1618 589 1906 652 Byzantium,

392 657 594 718 Samum,
624 671 746 721 quae
764 657 943 706 liberae
963 664 1069 705 ante
1087 657 1177 706 hoc
1194 665 1381 720 tempus
1401 657 1604 720 fuerant,
1639 660 1750 707 item
1767 658 1909 709 Thra-

391 727 533 787 ciam,
565 723 801 788 Ciliciam,
841 725 1216 789 Commagenen,
1255 741 1376 790 quae
1409 727 1494 774 sub
1524 728 1716 790 regibus
1747 730 1907 777 amicis

390 802 599 857 egerant,
628 797 674 844 in
703 797 1044 858 provinciarum
1065 795 1260 843 formam
1281 795 1484 859 redegit.

496 864 637 913 CAP.
658 864 762 914 XX.
797 864 1090 913 Offensarum
1114 871 1162 912 et
1179 865 1519 913 inimicitiarum
1538 866 1781 913 immemor
1799 866 1902 928 fuit,

391 935 603 990 convicia
638 950 664 982 a
699 933 975 982 caussidicis
1010 941 1057 981 et
1085 933 1382 997 philosophis
1417 935 1463 982 in
1500 949 1554 982 se
1591 934 1714 982 dicta
1740 933 1908 984 leniter

387 1002 507 1063 tulit,
543 1002 744 1066 diligens
776 1011 930 1051 tamen
961 1004 1199 1050 coercitor
1232 1002 1514 1065 disciplinae
1533 1002 1762 1051 militaris.
1819 1003 1908 1051 Hic

390 1086 492 1118 cum
514 1071 618 1119 Tito
640 1072 734 1119 filio
763 1072 822 1119 de
841 1071 1183 1131 Hierosolymis
1202 1071 1518 1135 triumphavit.
1556 1070 1644 1118 Per
1662 1071 1783 1120 haec
1803 1087 1905 1120 cum

389 1142 568 1188 senatui
590 1148 637 1188 et
658 1141 857 1204 popu10,
881 1147 1123 1204 postremo
1147 1141 1330 1189 cunctis
1361 1139 1573 1189 amabilis
1599 1155 1657 1188 ac
1675 1141 1906 1190 iucundus

390 1217 536 1272 esset,
557 1210 788 1273 profluvio
808 1211 983 1258 ventris
1006 1211 1264 1258 exstinctus
1286 1211 1423 1258 estin
1441 1208 1553 1258 villa
1573 1210 1762 1273 propria
1782 1211 1906 1260 circa

389 1279 607 1342 SabinOS,
641 1295 809 1328 annum
828 1281 993 1328 aetatis
1019 1294 1166 1342 agens
1186 1280 1532 1342 sexagesimum
1549 1293 1738 1341 nonum,
1758 1280 1904 1343 impe-

387 1350 443 1397 rii
463 1362 634 1398 nonum
654 1357 702 1397 et
722 1349 844 1397 diem
865 1350 1130 1412 septimum,
1153 1355 1294 1412 atque
1313 1350 1432 1396 inter
1450 1347 1603 1397 Divos
1620 1348 1791 1396 relatus
1812 1356 1902 1397 est.

389 1417 654 1468 Genituram
688 1418 887 1467 filiorum
914 1420 977 1467 ita
1002 1418 1237 1482 cognitam
1264 1417 1447 1480 habuit,
1483 1425 1556 1479 ut,
1598 1431 1702 1465 cum
1733 1417 1905 1467 multae

388 1495 547 1536 contra
574 1503 678 1536 eum
701 1489 1048 1536 coniurationes
1072 1487 1264 1548 fierent,
1306 1502 1421 1550 quas
1441 1486 1701 1550 patefactas
1726 1488 1904 1550 ingenti

387 1556 756 1606 dissimulatione
775 1558 1074 1620 contempsit,
1096 1558 1142 1604 in
1163 1563 1325 1604 senatu
1346 1555 1531 1616 dixerit,
1553 1563 1642 1604 aut
1657 1555 1789 1618 filios
1805 1557 1903 1606 siba

384 1641 732 1688 succes-saroa,
772 1634 862 1676 aut
884 1628 1149 1676 neminem.

491 1694 633 1744 CAP.
654 1694 782 1744 XXI.
808 1693 986 1760 (XIV.)
1022 1694 1142 1743 Huic
1167 1693 1298 1748 Titus
1328 1694 1449 1743 iilius
1473 1695 1724 1756 successit,
1749 1695 1828 1758 qui
1852 1701 1900 1743 et

386 1766 491 1828 ipse
512 1765 831 1827 Vespasianus
857 1772 930 1812 est
950 1764 1126 1827 dicturi,
1165 1766 1235 1812 vir
1263 1765 1465 1813 omnium
1489 1765 1706 1812 virtutum
1723 1777 1901 1827 genere

385 1834 607 1883 mirabilis
632 1834 780 1896 adeO,
819 1841 870 1881 ut
898 1849 1043 1883 amor
1067 1841 1114 1883 et
1142 1834 1358 1882 deliciae
1382 1834 1590 1882 humani
1609 1833 1815 1896 ρεπεν-ῖς
1832 1831 1900 1880 di-

387 1910 588 1965 ceretur,
622 1902 1008 1963 facundissimus,
1036 1901 1455 1963 bellicosissimuS,
1482 1900 1899 1950 moderatissimus.

387 1971 591 2021 caussas
617 1972 761 2021 latine
795 1973 919 2034 egit,
949 1977 1165 2033 poemata
1198 1978 1246 2019 et
1273 1970 1541 2034 tragoedias
1570 1985 1744 2034 graece
1773 1985 1897 2019 com-

385 2043 557 2104 posuit.
614 2039 666 2088 In
685 2041 1039 2103 oppugnatione
1059 2038 1493 2101 Hierosolymorum
1513 2040 1599 2088 sub
1625 2047 1754 2102 patre
1782 2039 1899 2088 mili-

386 2117 487 2158 tans
505 2125 574 2158 x11
597 2116 973 2173 propugnatores
992 2125 1061 2158 111
1080 2110 1349 2171 sagittarum
1367 2109 1539 2157 ictibus
1561 2110 1766 2156 confixit.
1803 2108 1899 2156 Ro-

384 2194 486 2227 mae
525 2186 678 2227 tantae
719 2178 953 2226 civilitatis
987 2179 1034 2225 in
1060 2179 1258 2241 imperio
1293 2178 1406 2240 fuit,
1447 2185 1497 2226 ut
1513 2177 1687 2226 nullum
1713 2178 1899 2226 omnino

388 2249 588 2310 puniret,
611 2249 856 2296 convictos
875 2246 1124 2296 adversum
1143 2262 1253 2296 sese
1276 2248 1608 2295 coniurationis
1628 2249 1690 2294 ita
1711 2246 1898 2295 dimise·

384 2319 458 2379 rit,
482 2325 530 2365 ut
546 2318 593 2365 in
615 2316 780 2366 eadem
801 2316 1126 2378 familiaritate,
1158 2332 1247 2380 qua
1272 2323 1423 2379 antea,
1443 2316 1671 2366 hahuerit.
1730 2314 1897 2368 Facili-

383 2388 491 2435 tatis
512 2394 558 2434 et
579 2386 869 2435 liberalitatis
886 2392 1040 2435 tantae
1065 2385 1169 2447 fuit,
1189 2393 1256 2448 ut,
1286 2400 1390 2434 cum
1413 2385 1525 2434 nulli
1551 2385 1799 2448 quidquam
1818 2399 1896 2434 ne·
1977 2439 1979 2441 ,

383 2463 518 2520 garet
547 2462 596 2504 et
626 2456 684 2505 ab
713 2456 874 2504 amicis
897 2454 1349 2518 reprehenderetur,
1375 2454 1676 2519 responderit
1699 2454 1892 2503 nullum

384 2527 574 2577 tristem
593 2526 781 2576 debere
799 2525 865 2574 ab
885 2525 1193 2588 imperatore
1216 2525 1499 2587 discedere,
1529 2531 1773 2588 praeterea
1793 2537 1896 2571 cum

384 2593 584 2659 quodam
614 2592 692 2642 dle
718 2594 767 2642 in
788 2607 936 2641 coena
960 2591 1234 2643 recordatus
1254 2592 1447 2655 fuisset,
1488 2593 1600 2642 nihil
1627 2608 1681 2641 se
1708 2592 1789 2641 illo
1818 2590 1895 2639 die

384 2665 598 2726 cuiquam
618 2663 928 2725 praestitisse,
951 2661 1142 2710 dixerit:
1168 2664 1338 2724 amici,
1358 2663 1505 2712 hodie
1525 2664 1656 2713 diem
1667 2661 1892 2726 perdidi.

383 2731 470 2779 Hic
489 2730 667 2779 Romae
686 2731 1068 2794 amphitheatrum
1088 2731 1350 2780 aedificavit
1376 2740 1423 2781 et
1443 2733 1647 2796 quinque
1675 2729 1798 2778 milia
1825 2729 1890 2777 fe-

383 2815 533 2848 rarum
552 2801 597 2847 in
619 2799 914 2848 dedicatione
940 2801 1042 2849 eius
1065 2800 1254 2849 occidit.
