2026 3238
728 165 959 210 LIBER
1003 167 1064 211 lv.
1590 160 1656 210 25

137 311 276 344 contra
299 302 713 355 Pseudophilippum.
754 299 826 344 14.
855 299 1016 341 Bellum
1045 300 1274 340 Achaicum
1295 312 1332 342 ε.
1358 300 1615 341 Corinthium
1635 313 1659 339 a

136 360 334 401 Mummio
350 368 516 413 gestum
533 357 798 410 Corinthique
820 358 1042 401 excidium.
1083 356 1149 397 15.
1170 357 1332 397 Bellum
1345 356 1659 399 Macedonicum

136 423 330 469 quartum
350 423 493 457 contra
512 414 887 468 Pseudoperseum.
942 411 1010 455 16.
1030 414 1114 454 Res
1136 415 1178 455 in
1199 414 1400 467 Hispania
1420 420 1564 454 contra
1585 414 1660 454 Vi—

135 473 317 514 riathum
337 473 514 513 feliciter
525 478 685 526 gestae.
723 468 785 512 17.
805 471 966 512 Bellum
985 471 1282 513 Numantinum
1303 484 1327 511 a
1348 469 1542 524 Scipione
1564 483 1660 524 pro-

133 532 338 584 fligatum.
384 527 450 570 18.
472 529 636 569 Attalus
657 541 734 581 per
751 535 1045 568 testamentum
1061 527 1266 582 populum
1287 528 1524 568 Romanum
1540 528 1658 582 regni

134 587 333 628 heredem
354 587 580 628 constituit.
623 584 694 629 19.
717 585 935 639 'h'iumphi
953 586 1059 626 Iunii
1078 586 1194 627 Bruti
1224 586 1277 626 de
1297 584 1502 626 Gallaecis
1519 592 1559 625 et
1578 586 1642 625 Lu

135 645 284 684 sitanis
314 649 355 684 et
375 642 583 697 Scipionis
602 643 791 683 Africani
822 643 875 684 de
894 642 1175 684 Numantinis.
1225 642 1296 686 20.
1327 642 1490 684 Bellum
1521 650 1662 683 contra

132 701 418 742 Aristonicum
437 701 480 740 in
501 699 604 739 Asia
624 699 847 740 infeliciter
866 713 891 740 ιι
913 699 1063 740 Crasso
1079 706 1259 754 gestum,
1300 713 1326 740 a
1343 699 1552 754 Perperna
1564 712 1662 753 pro·

134 758 339 811 fligatum.
379 755 451 796 21.
477 755 686 811 Carthago
722 763 917 809 reparata
940 763 982 797 et
1000 757 1190 797 Romana
1219 756 1384 798 colonia
1415 757 1538 797 facta.
1589 753 1660 796 22.

133 813 294 854 Bellum
312 826 408 854 cum
428 813 557 854 Gallis
576 812 861 867 Transalpinis
877 821 917 853 et
933 813 1088 854 Bituito
1101 846 1111 861 ‚
1147 814 1430 855 Arvernorum
1449 814 1556 855 duce
1569 844 1579 857 ,
1613 812 1662 852 il-

135 872 258 922 loque
279 870 442 912 devicto
470 871 720 924 triumphus.
768 868 838 911 23.
867 869 1038 912 Colonia
1064 869 1259 911 Narbona
1292 871 1527 912 deducitur.
1588 867 1661 910 24.

137 929 467 982 Ignominiosum
488 934 632 969 contra
652 927 898 969 Scordiscos
917 929 961 968 in
978 927 1155 968 Thracia
1173 927 1345 977 bellum,
1368 927 1522 968 Catone
1544 928 1662 967 duce.

136 982 208 1080 ²1?-
229 984 445 1039 Triumphi
469 986 520 1026 de
547 984 740 1027 Sardinia
756 991 800 1034 ,et
819 984 996 1026 Thracia
1023 987 1116 1026 acti.
1160 982 1229 1027 26.
1243 981 1321 1043 27.>
1339 983 1502 1026 Bellum
1518 984 1662 1037 Iugur-

140 1049 154 1081 i
186 1054 317 1082 Inum-

242 1112 386 1162 cir.
413 1110 451 1160 1.
489 1109 743 1160 Transacto
767 1109 943 1160 Punico
968 1110 1097 1160 bello
1118 1119 1331 1160 secutum
1352 1119 1425 1160 est
1443 1109 1664 1159 Macedo·
1682 1109 1770 1144 Affl-

132 1183 287 1229 uicum
319 1189 482 1230 contra
501 1179 765 1244 Philippum
793 1196 974 1243 regem.
1681 1164 1757 1201 ⁵⁶⁹·

241 1250 281 1299 C
295 1267 330 1299 A
341 1266 388 1299 P.
409 1248 470 1297 ΙΙ.
494 1249 883 1315 Quingentesimo
906 1257 954 1297 et
967 1250 1357 1314 quinquagesimo
1374 1250 1524 1313 primo
1539 1263 1658 1297 anno
1677 1263 1765 1298 Ast

132 1319 189 1368 ab
228 1319 345 1368 urbe
380 1317 568 1368 condita
602 1316 654 1366 T.
697 1317 942 1378 Quinctius
974 1317 1260 1367 Flamininus
1296 1318 1523 1368 adversus
1552 1317 1657 1366 Phi·
1685 1320 1760 1355 55⁴·

131 1387 312 1452 lippum
331 1404 430 1438 rem
456 1400 693 1452 prospere
712 1380 880 1452 gessit.
931 1385 1026 1437 Pax
1048 1390 1092 1436 ei
1118 1387 1223 1438 data
1249 1396 1323 1438 est
1353 1388 1426 1438 his
1445 1387 1656 1451 legibus:

135 1474 198 1510 ne
217 1458 472 1510 Graeciae
499 1458 806 1520 civitatibus,
837 1470 970 1522 quas
993 1457 1212 1508 Romani
1231 1465 1413 1509 contra
1432 1474 1548 1508 eum
1569 1459 1657 1507 de-

133 1527 429 1591 fenderant,
457 1527 638 1577 bellum
667 1529 921 1592 inferret;
951 1534 1006 1578 at
1033 1529 1263 1591 captivos
1294 1535 1341 1578 et
1359 1528 1660 1591 transfugas

134 1597 381 1648 redderet
389 1616 414 1654 ,·
445 1598 812 1661 quinquaqinta
828 1597 989 1647 solum
1011 1612 1171 1648 naves
1182 1597 1411 1659 haberet,
1433 1597 1661 1660 reliquas

135 1665 380 1716 Romanis
400 1668 552 1717 daret
560 1685 583 1724 ;
611 1681 709 1730 per
721 1681 883 1716 annos
907 1664 1084 1717 decem
1106 1674 1358 1729 quaterna
1373 1667 1515 1714 milia
1531 1681 1659 1730 pon-

134 1737 200 1785 do
234 1738 438 1800 arqentz'
459 1741 788 1799 praestaret,
828 1742 876 1786 et
910 1735 1136 1786 obsidem
1162 1737 1315 1786 daret
1336 1736 1495 1798 lilium
1515 1751 1662 1784 saum

87 1815 90 1819 ⁴
132 1804 458 1854 Demetrium.
496 1802 550 1852 T.
565 1803 812 1863 Quinctius
835 1803 1370 1853 etiamLacedaemoniis
1389 1803 1543 1852 intulit
1563 1802 1663 1851 bel-

133 1873 245 1922 lum.
283 1873 467 1923 Ducem
498 1887 660 1922 eorum
688 1873 919 1922 Nabidem
944 1874 1058 1920 vicit
1084 1879 1158 1935 et,
1193 1874 1364 1938 quibus
1381 1872 1530 1921 voluit
1551 1883 1662 1920 con-

135 1942 421 2006 dicionibus,
444 1945 490 1992 in
513 1941 650 1991 fidem
669 1944 871 2006 accepit.
910 1941 1092 2005 Ingenti
1112 1941 1265 2007 gloria
1286 1942 1415 1990 duxit
1434 1948 1540 1990 ante
1561 1956 1663 1989 cur·

133 2027 235 2060 rum
254 2011 580 2060 nobilissimos
601 2011 820 2074 obsides,
857 2011 1147 2059 Demetrium
1169 2010 1373 2076 Philippi
1405 2009 1573 2072 filium,
1615 2017 1663 2059 et

134 2080 373 2130 Armenen
398 2080 611 2131 Nabidis.
1671 2137 1764 2170 ΑΗ,

244 2151 282 2198 C
298 2166 386 2200 Ap.
415 2149 500 2198 111.
529 2148 644 2214 (ΙΙ.)
691 2149 947 2198 Transacto
969 2149 1098 2198 bello
1117 2149 1427 2200 Macedonico
1450 2160 1663 2200 secutum
1685 2192 1761 2228 56¹·
1782 2204 1785 2206 ,

137 2226 211 2267 est
239 2219 486 2280 Syriacum
514 2226 675 2267 contra
699 2217 983 2267 Antiochum
1012 2233 1199 2282 regem,
1242 2217 1292 2267 P.
1316 2218 1539 2268 Cornelio
1561 2220 1662 2268 Sci-

137 2289 302 2351 pione,
337 2285 415 2335 Μ’.
456 2286 610 2335 Acilio
640 2285 892 2336 Glabrione
918 2300 1044 2336 coss,
1095 2286 1215 2335 Huic
1234 2287 1468 2337 Antiocho
1493 2288 1660 2337 Hanni·

137 2356 215 2406 bal
238 2356 536 2418 seiunxerat,
563 2354 908 2420 Carthaginem,
931 2357 1124 2420 patriam
1145 2371 1292 2418 suam,
1320 2365 1462 2419 metu,
1490 2357 1660 2406 neRo-

138 2427 287 2474 manis
301 2425 578 2488 traderetur,
592 2425 880 2490 relinquens·
916 2425 995 2474 Μ’.
1008 2425 1191 2474 Acilius
1212 2423 1400 2476 Glabrio
1428 2427 1474 2474 in
1485 2426 1661 2477 Achaia

139 2496 265 2544 bene
297 2496 537 2559 pugnavit.
602 2493 766 2544 Castra
810 2497 939 2562 regis
980 2494 1202 2545 Antiochi
1247 2502 1475 2544 nocturna
1508 2510 1663 2560 pugna

142 2571 279 2628 capta
299 2571 424 2627 sunt,
447 2565 553 2628 ipse
578 2565 784 2628 fugatus,
818 2564 1056 2630 Philippo,
1080 2566 1189 2630 quia
1209 2572 1372 2614 contra
1382 2564 1662 2614 Antiochum

142 2632 366 2682 Romanis
388 2633 561 2683 auxilio
589 2632 777 2698 fnisset,
807 2634 927 2683 filius
956 2633 1227 2683 Demetrius
1247 2634 1457 2683 redditus
1486 2642 1574 2683 est.

245 2716 388 2766 Car.
414 2714 494 2764 lv.
537 2715 588 2766 L.
612 2714 836 2767 Cornelio
858 2717 1104 2782 Scipione,
1128 2715 1184 2767 C.
1203 2716 1364 2767 Laelio
1392 2732 1519 2766 coss.
1562 2719 1663 2767 Sci·
1684 2748 1762 2784 A„

145 2786 224 2848 pio
245 2785 497 2835 Africanus
527 2786 656 2834 fratri
692 2798 780 2834 suo
812 2784 864 2834 L.
887 2785 1110 2836 Cornelio
1135 2787 1348 2851 Scipioni
1384 2786 1566 2837 consuli
1599 2787 1665 2835 le·
1684 2805 1749 2839 m
