2026 3238
413 180 478 232 18
970 181 1358 228 EUTROPII

410 332 497 369 rex,
529 319 651 359 ludos
668 325 899 372 spectatum
917 318 1093 359 Romam
1111 320 1236 359 venit.
1277 317 1316 358 2.
1338 317 1497 358 Bellum
1515 316 1774 371 Ligusticum
1790 320 1918 361 felici-

411 383 472 416 ter
494 381 662 430 gestum
691 381 911 427 metusque
931 375 1075 416 Punici
1096 375 1299 417 sublatus.
1340 373 1384 418 3.
1405 373 1543 415 Otium
1570 386 1647 428 per
1676 377 1816 418 orbem
1836 375 1919 418 Ro-

410 446 591 474 manum.
631 432 673 476 4.
692 432 853 473 Bellum
882 432 1101 486 Illyricum.
1142 433 1183 475 5.
1203 429 1243 474 6.
1273 431 1422 473 Clades
1443 430 1655 472 Gallorum
1687 434 1730 474 in
1758 433 1919 474 Italiam

410 491 739 545 irrumpentium.
779 487 805 532 7
831 513 864 519 —
884 486 954 529 23.
987 489 1147 531 Bellum
1165 490 1356 530 Istrieum
1387 495 1427 530 et
1452 488 1654 530 Punicum
1674 491 1918 540 seeundum,

408 548 535 588 variis
555 547 797 600 regionibus
818 553 857 587 et
875 559 1013 586 rerum
1033 546 1390 588 vicissitudinibus
1419 552 1596 599 gestum.

514 603 555 652 C
569 620 602 652 A
615 619 658 656 P.
682 601 720 652 1.
756 602 910 652 Finito
931 603 1073 666 igitur
1090 603 1265 651 Punico
1283 602 1430 665 bello,
1457 602 1583 667 quod
1605 616 1691 666 per
1709 617 1822 652 xxm
1841 618 1919 652 an·

407 686 494 721 nos
513 679 708 721 tractum
736 679 834 735 est,
865 672 1060 720 Romani
1088 675 1176 722 iam
1209 672 1465 721 clarissima
1487 672 1638 736 gloria
1664 673 1762 722 noti
1790 671 1920 736 lega-

406 749 482 791 tos
502 741 559 791 ad
579 741 913 805 Ptolemaeum,
941 743 1148 806 Aegypti
1168 756 1349 805 regem,
1374 743 1598 790 miserunt
1616 741 1785 790 auxilia
1812 755 1919 805 pro·
1994 771 1996 773 ·

406 811 666 874 mittenteS,
710 812 815 877 quia
844 826 930 860 rex
953 812 1117 873 Syriae
1135 810 1394 860 Antiochus
1422 813 1464 860 ei
1484 810 1658 860 bellum
1686 811 1919 860 intulerat.

406 880 493 929 Ille
515 882 688 945 gratias
711 882 933 930 Romanis
958 882 1054 945 egit
1069 918 1082 943 ‚
1113 880 1280 931 auxilia
1299 894 1392 930 non
1415 882 1616 945 aceepit.
1673 879 1769 929 Iam
1799 881 1919 928 enim

406 950 559 999 fuerat
589 965 743 1018 pugna
776 958 1021 999 transacta.
1089 950 1270 998 Eodem
1309 957 1524 1015 tempore
1567 951 1920 1014 potentissimus

407 1034 492 1069 rex
523 1019 714 1069 Siciliae
742 1019 886 1068 Hiero
921 1019 1116 1068 Romam
1145 1021 1271 1068 venit
1299 1020 1358 1067 ad
1388 1019 1524 1068 ludos
1559 1018 1844 1083 spectandos
1875 1026 1921 1068 et

408 1087 608 1138 ducenta
635 1088 759 1137 milia
781 1088 1040 1137 modiorum
1062 1089 1201 1137 tritici
1228 1088 1408 1152 populo
1429 1087 1599 1136 donum
1620 1088 1843 1137 exhibuit.

313 1185 400 1217 My,
514 1158 653 1208 CAP.
683 1156 743 1207 11.
800 1158 851 1207 L.
886 1156 1108 1207 Cornelio
1135 1157 1357 1220 Lentul0,
1390 1157 1556 1206 Fulvio
1583 1157 1757 1206 Flacco
1791 1171 1919 1206 coss.

311 1240 385 1274 515.
406 1225 583 1291 quibus
599 1226 743 1276 Hiero
763 1227 959 1276 Romam
983 1234 1201 1290 venerat,
1242 1228 1378 1276 etiam
1407 1234 1566 1275 eontra
1584 1226 1781 1291 Ligures
1804 1228 1919 1276 intra

405 1294 582 1347 Italiam
611 1296 786 1345 bellum
809 1304 994 1361 gestum
1022 1304 1095 1345 est
1115 1304 1161 1345 et
1181 1297 1239 1345 de
1260 1297 1331 1345 his
1350 1297 1693 1361 triumphatum.
1729 1294 1919 1346 Cartha·

404 1368 644 1432 ginienses
664 1373 758 1415 tum
780 1365 952 1415 bellum
974 1381 1193 1430 reparare
1212 1366 1449 1414 tentabant
1474 1365 1817 1429 Sardinienses‚
1841 1365 1919 1430 qui

405 1451 465 1486 ex
484 1436 763 1485 condicione
791 1436 921 1500 pacis
946 1434 1168 1484 Romanis
1196 1450 1363 1500 parere
1392 1435 1648 1498 debebant,
1685 1435 1743 1484 ad
1765 1432 1920 1484 rebel·

403 1504 588 1555 landum
625 1504 941 1570 impellentes.
1004 1504 1143 1554 Venit
1167 1512 1321 1554 tamen
1353 1504 1528 1568 legatio
1571 1504 1919 1568 Carthaginien-

405 1577 523 1623 sium
543 1574 737 1624 Romam
760 1582 807 1623 et
839 1589 1002 1638 paoem
1027 1575 1304 1638 impetravit.

299 1658 391 1699 auu,
510 1645 651 1694 Car.
673 1643 758 1692 111.
815 1642 868 1693 T.
891 1643 1064 1693 Manlio
1085 1642 1350 1708 Torquato,
1379 1642 1433 1692 C.
1452 1643 1597 1693 Atilio
1617 1643 1766 1692 Bulbo
1791 1657 1918 1692 eoss.

304 1712 365 1749 ⁶¹⁷
407 1713 465 1763 de
496 1713 655 1762 Sardis
682 1714 1008 1776 triumphatum
1039 1721 1138 1776 est,
1176 1720 1222 1761 et
1243 1727 1377 1776 <paee
1403 1713 1617 1762 omnibus
1648 1713 1768 1762 loeis
1796 1713 1919 1762 faeta

403 1783 598 1832 Romani
618 1782 793 1832 nullum
820 1782 994 1841 bellum
1024 1783 1309 1844 habuerunt,
1348 1781 1475 1845 quod
1496 1783 1568 1830 his
1588 1789 1699 1845 post
1723 1781 1917 1830 Romam

404 1852 632 1901 conditam
662 1851 810 1900 semel
831 1853 1023 1913 tantum,
1055 1849 1203 1899 Numa
1223 1849 1452 1913 Pompilio
1481 1857 1730 1914 regnante,
1772 1852 1915 1899 eonti-

401 1929 551 1985 gerat.
1872 1982 1876 1984 .

290 2022 380 2116 Aug
402 1991 550 2109 111311ιῖ
562 1987 1916 2122 *2323siffielki'fzztgtrpgufilyArlikgLngggsgrgnlgtgltvsssstg‹³⁰13-

297 2136 389 2171 MJ-
402 2129 573 2178 tatibus
606 2129 756 2191 captis
784 2129 920 2176 etiam
945 2142 1089 2191 reges
1115 2128 1162 2175 in
1188 2125 1472 2175 deditionem
1492 2135 1790 2191 acceperunt.
1845 2128 1917 2176 Ae

306 2192 381 2229 ⁶²⁴·
401 2206 495 2247 tum
522 2197 718 2262 primum
739 2195 797 2245 de
821 2195 992 2258 Illyriis
1012 2196 1340 2259 triumphatum
1364 2204 1452 2244 est.

303 2291 394 2326 Μ),
504 2268 650 2317 CAP.
676 2265 733 2315 V.
755 2264 869 2333 (11.)
909 2265 959 2315 L.
980 2264 1182 2315 Aemilio
1195 2263 1251 2295 **
1283 2279 1410 2314 coss.
1438 2267 1653 2330 ingentes
1682 2265 1915 2316 Gallorum

310 2346 386 2383 m.
404 2338 573 2401 eopiae
583 2335 733 2399 Alpes
756 2337 1048 2385 transierunt.
1087 2335 1181 2384 Sed
1202 2349 1288 2399 pro
1308 2334 1531 2396 Romanis
1547 2342 1646 2385 tota
1659 2335 1791 2385 Italia
1804 2350 1914 2385 oon-

399 2408 566 2468 sensit‚
595 2404 907 2469 traditumque
927 2411 1000 2453 est
1018 2420 1043 2452 a
1062 2403 1210 2453 Fabio
1230 2405 1476 2467 historiam
1511 2406 1589 2469 qui
1620 2406 1663 2454 ei
1690 2404 1818 2454 bello
1845 2406 1913 2454 in-

395 2475 572 2539 terfuit,
601 2491 727 2526 neco
758 2474 883 2523 milia
912 2475 1143 2522 hominum
1180 2482 1337 2538 parata
1365 2473 1422 2523 ad
1455 2473 1502 2523 id
1535 2473 1709 2523 bellum
1747 2474 1912 2524 fuisse.

399 2544 493 2594 Sed
511 2559 590 2594 res
610 2558 699 2609 per
719 2543 963 2593 consulem
987 2550 1159 2592 tantum
1179 2557 1411 2608 prospere
1439 2550 1577 2608 gesta
1606 2551 1694 2594 est.
1746 2559 1810 2594 11,
1828 2546 1911 2592 mi-

397 2612 459 2662 lia
479 2614 681 2663 hostium
701 2612 948 2662 interfecta
970 2620 1075 2661 sunt
1100 2620 1146 2661 et
1163 2613 1420 2677 triumphus
1440 2612 1642 2662 Aemilio
1675 2612 1910 2662 decretus.

506 2683 648 2731 CAP.
678 2680 759 2731 Vl.
811 2681 1005 2746 Aliquot
1039 2681 1206 2731 deinde
1234 2684 1363 2731 annis
1401 2690 1513 2747 post
1553 2690 1712 2732 eontra
1750 2679 1910 2731 Gallos

306 2752 517 2803 muintra
534 2750 711 2800 Italiam
733 2758 986 2815 pugnatum
1006 2759 1095 2813 εει,
1119 2752 1386 2817 finitumque
1408 2759 1479 2801 est
1502 2751 1675 2801 bellum
1696 2749 1760 2799 M.
1773 2749 1908 2800 Clau-

312 2824 389 2860 l⁸³⁰·
403 2820 479 2869 dio
505 2819 749 2883 Marcello,
774 2819 858 2868 Cn.
888 2818 1108 2869 Cornelio
1130 2821 1355 2884 Scipione
1376 2835 1502 2870 coss.
1558 2819 1688 2869 Tune
1711 2819 1908 2870 Mareel-
