2026 3238
249 331 284 363 A.
293 332 334 364 U.

256 386 331 421 678.

237 1402 326 1436 A.U.

250 1458 324 1492 680.

358 198 424 248 38
954 202 1312 247 EUTROPII

458 336 599 385 CAP.
625 336 700 384 v1.
724 338 833 403 (V.)
868 338 1002 384 Anno
1023 337 1150 385 urbis
1172 337 1388 386 conditae
1410 352 1634 386 ncnnvr.
1675 334 1725 384 L.
1752 335 1869 385 Lici·

359 406 436 454 nio
456 404 650 454 Lucullo
681 414 726 454 et
746 405 808 454 M.
829 405 1024 454 Aurelio
1056 405 1193 455 Cotta
1230 421 1356 455 cosS.
1392 412 1601 454 mortuus
1631 412 1705 453 est
1726 404 1869 453 Nico-

358 474 548 537 medeS,
588 490 673 524 rex
692 475 959 537 Bithyniae,
998 482 1044 522 et
1070 489 1157 539 per
1176 483 1499 524 testamentum
1529 473 1756 539 populum
1774 473 1870 522 Ro-

358 559 538 592 manum
569 544 684 593 fecit
701 543 941 593 heredem.
997 543 1285 594 Mithridates
1307 560 1426 609 pace
1453 551 1591 608 rupta
1611 542 1870 605 Bithyniam

359 620 404 660 et
420 611 578 662 Asiam
598 629 758 662 rursus
779 613 927 662 voluit
944 613 1181 662 invadere.
1219 614 1459 663 Adversus
1480 628 1587 662 eum
1604 613 1740 661 ambo
1759 627 1870 661 con-

359 681 488 730 sules
508 683 639 730 missi
663 684 835 732 variam
855 683 1062 731 habuere
1085 683 1329 732 fortunam.
1367 681 1504 733 Cotta
1523 682 1648 746 apud
1671 680 1870 731 Chalce-

358 751 527 800 donem
546 752 699 800 victus
724 752 782 802 ab
807 766 867 801 eo
893 752 1013 814 acie,
1044 754 1182 802 etiam
1202 756 1317 802 intra
1340 752 1565 818 oppidum
1586 758 1779 801 coactus
1798 758 1871 800 est

358 828 405 868 et
436 821 681 870 obsessus
721 821 817 871 Sed
837 836 942 870 cum
962 821 1140 870 scinde
1161 818 1452 871 Mithridates
1473 821 1695 887 Cyzicum
1722 829 1868 870 trans·

355 890 558 954 tulisset,
594 897 644 939 ut
663 888 843 953 Cyzico
871 898 1007 955 capta
1026 899 1168 941 totam
1186 890 1346 941 Asiam
1363 891 1622 955 invaderet,
1647 889 1867 940 Luc'ullus

357 961 399 1008 ei
417 959 535 1009 alter
558 959 724 1009 consul
744 962 963 1009 occurrit.
1029 960 1099 1009 Ac
1119 961 1226 1009 dum
1246 960 1536 1010 Mithridates
1555 962 1601 1009 in
1620 959 1869 1009 obsidione

354 1027 517 1091 Cyzici
550 1038 883 1091 commoratur,
921 1031 1028 1093 ipse
1055 1045 1160 1078 eum
1186 1045 1212 1078 a
1238 1037 1375 1093 tergo
1395 1029 1609 1091 obsedit,
1649 1029 1867 1092 fameque

354 1101 659 1163 consumpsit,
689 1106 735 1146 et
754 1098 910 1147 multis
938 1099 1134 1162 proeliis
1154 1099 1284 1162 vicit,
1314 1106 1553 1163 postremo
1575 1097 1866 1161 Byzantium,

352 1182 474 1231 quae
504 1182 627 1216 nunc
648 1166 1083 1232 Constantinopolis
1114 1176 1204 1231 est,
1240 1168 1434 1233 fugavit.
1484 1167 1648 1217 Navali
1678 1181 1869 1232 quoque

353 1236 536 1300 proelio
568 1236 713 1286 duces
742 1239 844 1286 eius
874 1236 1094 1287 Lucullus
1124 1239 1381 1302 oppressit.
1429 1237 1497 1287 Ita
1529 1252 1618 1287 una
1646 1238 1799 1286 hieme
1821 1243 1869 1284 et

351 1313 531 1355 aestate
559 1322 585 1356 a
613 1306 806 1356 Lucullo
836 1314 1020 1356 centum
1045 1307 1148 1356 fere
1181 1307 1306 1356 milia
1325 1308 1454 1371 regis
1483 1309 1711 1356 exstincta
1744 1312 1864 1354 sunt.

455 1376 592 1425 ΟΜ».
613 1375 715 1425 VII.
741 1377 806 1440 (V
808 1375 873 1442 1.)
911 1375 1047 1426 Anno
1068 1377 1196 1426 urbis
1223 1377 1402 1426 Romae
1424 1393 1687 1426 ncnxxvur.
1709 1375 1865 1424 Mace—

350 1445 534 1495 doniam
562 1447 849 1510 provinciam
869 1445 933 1495 M.
962 1445 1167 1495 Licinius
1195 1445 1415 1495 Lucullus
1446 1447 1657 1510 accepit,
1697 1458 1864 1493 conso-

296 1541 302 1545 ·
349 1515 507 1563 brinus
543 1515 747 1577 Luculli,
793 1517 872 1580 qui
909 1522 1067 1565 contra
1102 1514 1396 1566 Mithridaten
1442 1515 1617 1564 bellum
1653 1514 1865 1579 gerebat.

236 1602 326 1635 AJJ,

251 1657 323 1693 679.

233 1886 274 1918 A.
280 1886 322 1918 U.

243 1941 317 1975 680.

235 2081 324 2114 A.U.

250 2135 325 2169 081.

242 2224 331 2257 AJJ.

248 2280 324 2315 681.

347 1583 406 1632 Et
431 1585 476 1632 in
499 1583 630 1634 Italia
648 1598 819 1634 novum
838 1585 1012 1634 bellum
1033 1586 1186 1634 subito
1217 1592 1500 1634 commotum
1527 1593 1614 1634 est.
1667 1584 1864 1648 Septua-

348 1655 477 1718 ginta
509 1655 631 1702 enim
658 1661 857 1718 quatuor
887 1654 1174 1718 gladiatores
1205 1655 1402 1704 ducibus
1433 1655 1690 1719 Spartaco,
1722 1651 1864 1702 Crixo

349 1731 396 1772 et
415 1722 673 1787 Oenomao,
698 1723 890 1773 effracto
913 1722 1106 1788 Capuae
1125 1723 1254 1787 ludo,
1285 1725 1564 1789 effugerunt,
1596 1732 1643 1772 et
1667 1738 1753 1788 per
1775 1721 1844 1771 Ita

348 1792 454 1856 liam
473 1800 699 1857 vagantes
721 1808 872 1856 paene
890 1807 984 1842 non
1003 1793 1154 1843 levius
1174 1794 1348 1842 bellum
1372 1796 1418 1843 in
1443 1809 1515 1855 ea,
1540 1808 1676 1857 quam
1696 1791 1863 1840 Hanni-

347 1861 422 1910 bal
442 1870 669 1925 moverat,
707 1870 998 1927 paraverunt.
1053 1861 1170 1911 Nam
1201 1863 1356 1912 multis
1386 1862 1582 1911 ducibus
1614 1869 1660 1910 et
1681 1860 1864 1910 duobus

351 1931 486 1980 simul
505 1930 817 1982 Romanorum
838 1930 1109 1980 consulibus
1129 1933 1266 1981 victis
1295 1933 1536 1996 sexaginta
1562 1931 1662 1980 fere
1690 1929 1861 1980 milium

347 2008 622 2049 armatorum
660 2002 915 2050 exercitum
953 2009 1384 2065 congregaverunt,
1424 2002 1630 2065 victique
1667 2007 1772 2049 sunt
1819 2001 1863 2047 in

346 2069 516 2133 Apulia
539 2084 565 2118 a
584 2069 647 2118 M.
667 2068 845 2118 Licinio
868 2068 1038 2119 Crasso
1060 2069 1364 2135 proconsule,
1394 2078 1441 2119 et
1466 2078 1574 2134 post
1593 2069 1760 2118 multas
1788 2084 1861 2117 ca-

345 2137 574 2188 lamitates
596 2138 756 2188 Italiae
776 2140 914 2187 tertio
941 2154 1060 2188 anno
1082 2139 1209 2189 bello
1236 2141 1344 2189 huic
1366 2140 1468 2189 finis
1497 2141 1745 2204 impositus
1773 2145 1861 2187 est.

462 2208 606 2257 CAP.
635 2207 758 2257 VIII.
793 2207 948 2274 (VII.)
995 2209 1352 2259 Sexcentesimo
1386 2210 1682 2273 octogesimo
1713 2209 1862 2272 primo

348 2278 475 2326 urbis
501 2277 718 2327 conditae
750 2291 898 2340 anno,
939 2277 989 2326 P.
1013 2277 1235 2328 Cornelio
1265 2277 1461 2328 Lentulo
1493 2286 1539 2326 et
1572 2277 1654 2327 Cn.
1677 2276 1862 2326 Aufidio

347 2346 516 2396 Oreste
546 2361 673 2396 eosS.
706 2347 797 2395 duo
825 2354 998 2396 tantum
1027 2350 1186 2412 gravia
1214 2348 1336 2397 bella
1364 2350 1410 2396 in
1433 2349 1629 2412 imperio
1651 2347 1862 2395 Romano

346 2425 493 2480 erant,
515 2415 876 2466 Mithridaticum
903 2423 950 2464 et
974 2416 1349 2466 Macedonicum.
1411 2416 1541 2465 Haec
1563 2416 1655 2464 duo
1681 2414 1861 2464 Luculli

345 2487 563 2549 agebant,
585 2486 636 2534 L.
656 2485 876 2539 Lucullus
896 2493 942 2533 et
959 2485 1022 2534 M.
1043 2485 1279 2534 Lucullus.
1301 2485 1350 2534 L.
1374 2500 1488 2549 ergo
1509 2485 1728 2534 Lucullus
1753 2491 1862 2549 post

348 2570 547 2619 pugnam
568 2554 870 2618 cyzicenam,
895 2570 983 2619 qua
1003 2557 1182 2604 vicerat
1207 2554 1521 2617 Mithridaten,
1563 2563 1610 2604 et
1628 2554 1858 2615 navalem,

348 2639 437 2688 qua
458 2625 603 2672 duces
626 2625 726 2672 eius
748 2633 1081 2688 oppresserat,
1106 2632 1384 2688 persecutus
1407 2633 1480 2674 est
1505 2640 1628 2688 eum,
1658 2632 1707 2674 et
1726 2637 1858 2672 rece-

348 2700 424 2756 pta
443 2692 759 2757 Paphlagonia
781 2701 922 2757 atque
942 2693 1153 2756 Bithynia
1175 2696 1312 2743 etiam
1332 2709 1528 2758 regnum
1549 2696 1651 2743 eius
1670 2693 1854 2754 invasit,

347 2762 555 2826 Sinopen
592 2771 638 2810 et
663 2762 882 2824 Amison,
930 2765 1142 2811 civitates
1172 2763 1303 2812 Ponti
1337 2764 1678 2825 nobilissimas,
1716 2762 1855 2825 cepit.

347 2831 566 2880 Secundo
589 2831 772 2895 proelio
799 2832 920 2895 apud
943 2831 1107 2881 Cabira
1129 2834 1380 2895 civitatem,
1419 2847 1512 2896 quo
1534 2834 1749 2896 ingentes
1777 2845 1855 2879 co-
